5209 6609
527 1003 658 1092 modo,
676 1002 739 1075 sed
759 1002 951 1098 laevigatis
970 1004 1081 1072 etiarn
1101 1017 1138 1074 et
1157 1004 1300 1088 nitidis,
1317 1027 1420 1078 more
1436 1002 1549 1102 spati3
1573 1021 1610 1076 et
1630 1005 1668 1076 in
1692 1003 1902 1100 parallelas,
1930 999 2080 1078 lislilium
2109 1009 2163 1080 in·

523 1150 591 1223 liar
606 1118 794 1245 lapidum,
815 1145 1145 1249 abienslamcllas,
1169 1149 1367 1246 plusquam
1383 1173 1610 1247 papyraceae
1627 1148 1806 1223 interdum
1825 1151 2029 1223 tenuitatis:
2052 1151 2162 1249 idque

522 1321 600 1369 non
622 1295 774 1370 fortuito
799 1291 976 1363 duntaxat
995 1292 1157 1388 quodam
1176 1311 1332 1385 eventu,
1356 1313 1418 1368 aut
1441 1319 1522 1368 cum
1540 1295 1612 1366 tale
1628 1295 1738 1391 plane
1761 1293 1799 1366 se
1815 1295 2010 1368 inermibus
2028 1283 2158 1370 videnss

522 1444 609 1516 dam
625 1437 779 1536 praebet
795 1437 932 1524 oculis,
959 1461 1090 1509 verum
1115 1440 1225 1511 etiarn
1243 1422 1291 1512 eo
1317 1443 1353 1510 in
1371 1440 1479 1528 llatu,
1498 1465 1571 1538 quo
1588 1440 1652 1512 fust
1668 1439 1771 1510 instar
1788 1442 1894 1528 vitri,
1926 1459 1987 1514 aut
2004 1441 2067 1514 sub
2086 1465 2165 1537 cry·

520 1588 704 1662 stallorum
721 1584 933 1680 quarumvis
951 1581 1098 1678 speciali
1111 1583 1244 1680 ligura,
1267 1601 1330 1657 aut
1346 1559 1441 1658 rudis
1466 1591 1740 1681 compactiquc,
1756 1599 1792 1656 et
1812 1584 1975 1658 informis
1992 1585 2040 1657 ad
2057 1585 2161 1656 instar

527 1735 716 1828 corporis,
738 1751 933 1822 corporum
952 1727 1111 1798 aliorum
1130 1753 1244 1802 venas
1260 1729 1380 1802 rivose
1395 1755 1581 1826 pererrans
1601 1745 1811 1824 comparet,
1830 1745 1867 1800 et
1893 1755 1976 1802 curn
1995 1731 2111 1802 nullas
2130 1733 2168 1802 in
2257 1767 2260 1774 ·

527 1903 571 1952 ea
591 1878 765 1959 laminas,
782 1875 911 1970 plana,
928 1875 1102 1972 paginas,
1123 1873 1186 1946 led
1205 1897 1324 1972 neque
1347 1873 1453 1946 libras
1476 1891 1538 1947 aut
1554 1875 1667 1958 litias,
1697 1889 1838 1946 armato
1862 1877 2036 1970 quamvis·
2059 1874 2167 1947 oculo

526 2020 715 2096 discernas.
742 2018 815 2119 Etsi
831 2021 930 2092 enim
945 2016 1059 2092 hocce
1077 2022 1115 2090 in
1130 2019 1218 2090 llatu
1237 2020 1331 2090 asua
1350 2020 1464 2092 veluti
1477 2019 1643 2092 recedere
1658 2018 1754 2090 credi
1765 2015 1882 2113 poll'et
1900 2017 2037 2103 indole,
2056 2042 2168 2116 quam

530 2170 764 2266 pertinaciter
781 2181 920 2248 tamen,
938 2166 1001 2239 vel
1025 2149 1103 2236 turn
1119 2163 1201 2236 suae
1221 2164 1384 2262 spatique
1399 2168 1554 2236 retinens
1576 2163 1614 2236 fit
1629 2179 1795 2250 naturae,
1815 2165 1912 2234 illico
1921 2161 2166 2260 perspexeris,
2266 2199 2269 2223 t

531 2313 593 2386 ubi
613 2310 779 2384 adhibita
798 2311 922 2382 mallei
942 2312 980 2382 vi
1002 2309 1157 2382 eandem
1175 2309 1395 2406 diffregeris,
1413 2326 1473 2382 aut
1494 2309 1598 2404 super
1615 2310 1748 2405 ignitos
1762 2307 1961 2404 reposueris
1975 2308 2168 2390 carbones3

524 2460 663 2532 etenim
683 2473 745 2529 aut
767 2459 803 2526 in
820 2453 1025 2540 rhombea,
1044 2457 1281 2551 quantumvis
1303 2456 1430 2540 exilia,
1450 2454 1621 2524 continuo
1642 2453 1717 2526 abit
1734 2453 1956 2552 fragmenta,
1978 2470 2040 2526 aut
2055 2454 2169 2524 inmi-

525 2601 727 2676 nutilsrmas
746 2624 821 2673 non
838 2598 977 2698 absque
989 2599 1135 2672 fremitu
1153 2600 1313 2698 undique
1332 2597 1449 2671 dissilit
1466 2615 1502 2672 et
1520 2597 1731 2696 dispergitur
1747 2598 1922 2672 lamellas.

578 2891 788 2965 Dicendum
804 2913 898 2962 nunc
918 2891 985 2977 et,
1011 2914 1104 2986 quae
1123 2888 1381 2983 phaenomena
1399 2889 1590 2962 observata
1605 2890 1737 2963 suerint
1759 2891 1805 2962 de
1827 2889 1992 2962 industria
2006 2913 2086 2964 curn
2104 2892 2172 2962 nti·

529 3063 616 3112 nera
634 3036 703 3109 bac
722 3032 949 3105 Carinthiaca
966 3036 1235 3127 experimentis.
1263 3035 1432 3130 Plerique
1449 3037 1571 3118 enim,
1597 3058 1688 3132 quos
1707 3035 1777 3131 legi
1796 3033 2068 3132 Mineralogos,
2086 2997 2171 3131 pro·
2279 3089 2282 3095 -

532 3199 616 3280 pter
630 3203 804 3276 magnam
828 3177 955 3249 fusioni
976 3143 1218 3250 refractariam
1237 3179 1400 3252 indolem
1423 3177 1657 3250 difficillimae
1673 3179 1891 3252 reductionis
1911 3177 1979 3253 else
1998 3182 2169 3276 inquiunt

530 3325 728 3423 plumbum
746 3321 954 3419 spatosurn;
979 3323 1190 3395 tentandam
1207 3326 1331 3419 itaque
1351 3325 1468 3396 aleam
1490 3323 1608 3396 censui
1631 3348 1712 3396 cum
1732 3325 1877 3397 diversis
1899 3325 2062 3413 ejusdem
2074 3375 2088 3408 ,
2117 3324 2171 3396 di-

528 3469 704 3567 verseque
727 3470 895 3540 coloratis
912 3469 1170 3552 varietatibus,
1196 3467 1232 3538 in
1248 3467 1394 3540 diversis
1410 3471 1543 3564 pariter
1558 3472 1670 3568 ignis,
1700 3471 1844 3566 semper
1878 3485 2001 3542 tamen
2033 3471 2172 3566 aperti,

400 3705 404 3718 Ι
430 3678 434 3684 .
525 3613 714 3714 gradibus.
744 3611 878 3683 Dicam
898 3636 1008 3707 quam
1026 3611 1293 3699 candidissime,
1318 3611 1455 3709 absque
1475 3615 1552 3686 ullo
1574 3617 1736 3712 respectu
1757 3615 1978 3700 autoritatis,
1998 3613 2173 3685 existima-

482 3784 487 3793 ’
531 3761 663 3842 tionis,
686 3772 749 3827 aut
765 3754 985 3842 affectionis,
1009 3779 1095 3852 erga
1113 3779 1368 3853 quemcunque
1388 3757 1471 3828 licet
1488 3761 1597 3853 primi
1621 3764 1779 3834 nominis
1796 3759 2085 3857 Mineralogum,
2114 3757 2175 3830 sed

532 3905 644 3977 etiarn
661 3899 800 3996 absque
816 3901 921 3972 ullius
940 3901 1043 3972 aliter
1062 3926 1173 3997 quarn
1190 3925 1261 3998 ego
1280 3905 1463 3976 sentientis
1481 3919 1691 4001 contemptu
1708 3906 1769 3978 vel
1789 3909 1964 3990 minimo,
1994 3927 2088 3998 quae
2097 3951 2111 3986 ,
2137 3919 2175 3976 et

533 4071 610 4145 quo
635 4041 785 4114 successu
804 4045 1013 4116 instituerim
1029 4049 1301 4144 experimenta,
1319 4071 1412 4145 quae
1439 4048 1711 4122 observaverim
1727 4049 2005 4146 phaenomena,
2025 4064 2062 4118 et
2083 4048 2172 4145 quid

533 4190 619 4263 inde
637 4187 686 4258 ad
702 4186 945 4283 detegendam
966 4185 1071 4278 hujus
1088 4192 1249 4264 minerae
1269 4191 1432 4264 indolem
1448 4209 1543 4290 recte
1561 4194 1727 4268 concludi
1745 4193 1843 4290 polle
1861 4193 2073 4266 existimem.
2091 4193 2173 4266 *Ne-

530 4335 587 4408 fas
608 4334 706 4406 enim
727 4329 794 4417 est,
811 4332 895 4403 illos
916 4333 1049 4418 Viros,
1071 4338 1154 4432 qui,
1171 4337 1250 4406 aliis
1270 4335 1364 4408 sorte
1391 4341 1610 4435 argumentis
1632 4339 1751 4426 ducti,
1781 4363 1803 4410 a
1828 4339 1933 4412 nobis
1959 4335 2172 4427 dissentiunt,

535 4481 623 4552 odio
643 4479 943 4574 contemptuique
960 4475 1116 4562 babere;
1132 4497 1321 4576 praeterea
1337 4486 1455 4569 enim,
1477 4483 1577 4578 quod
1593 4483 1732 4554 nullum
1751 4483 1855 4556 nobis
1882 4507 1927 4556 ex
1947 4481 2015 4556 hac
2033 4481 2173 4556 senten-

534 4597 665 4698 tiarum
687 4621 890 4694 diversitate
909 4624 1084 4698 damnum
1105 4596 1287 4724 emergat,
1306 4642 1447 4723 gratam
1470 4652 1494 4697 a
1517 4627 1643 4712 nobis,
1661 4652 1741 4700 curn
1758 4653 1911 4724 operam
1935 4627 2034 4702 suam
2054 4627 2171 4724 publi-

537 4794 599 4842 cae
619 4768 764 4841 utilitati
782 4766 1045 4863 impenderint,
1066 4769 1160 4844 bene
1180 4787 1343 4846 actorum
1363 4773 1648 4849 aestimationem
1664 4791 1857 4846 merentur.

583 5057 624 5130 In
645 5055 768 5129 scrobe
786 5055 933 5130 carboni
961 5060 1128 5134 emortuo
1148 5064 1437 5158 profundiuscule
1463 5064 1637 5160 insculpta
1656 5059 1981 5136 vehementiffimis
2007 5060 2089 5134 solis
2117 5086 2172 5134 ra·

536 5203 626 5288 diis,
644 5207 682 5275 in
700 5202 908 5284 feculentis
924 5206 1113 5296 causticae,
1135 5205 1277 5283 avulsas
1294 5201 1493 5307 crystallos,
1512 5227 1574 5282 aut
1590 5210 1754 5282 lamellas
1774 5207 1916 5304 plumbi
1940 5207 2088 5303 spatoli,
2106 5209 2173 5280 ite·

535 5343 624 5466 'ratis
650 5345 758 5444 saepe
783 5347 923 5423 vicibus
942 5355 1115 5448 exposui,
1141 5355 1276 5445 flavas,
1298 5355 1397 5429 albas
1422 5352 1623 5452 diaphanas
1646 5357 1769 5453 quarzi
1806 5370 1867 5426 aut
1891 5354 2057 5427 aluminis
2081 5352 2172 5426 sarie
