5209 6609
1068 879 1472 946 ““““““““““
1919 903 2090 976 '5

455 1089 562 1178 albe,
579 1104 643 1162 rut
655 1083 883 1174 multicolor,
900 1101 938 1158 at
952 1082 1094 1182 semper
1108 1088 1317 1160 retractoria
1331 1085 1469 1158 minere
1478 1087 1620 1185 pyritne
1635 1081 1829 1180 hepatieee
1836 1080 2090 1172 Trasrrirenlir,

453 1231 733 1310 Goidzeobenfir
749 1247 790 1304 et
804 1229 945 1308 sanetae
963 1227 1171 1314 Gertnrdiet
1193 1241 1303 1330 atque
1326 1233 1437 1304 etiarn
1458 1230 1599 1304 minere
1623 1231 1721 1326 cupri
1742 1229 1872 1302 cinerei
1888 1227 2007 1302 multo
2027 1249 2092 1301 en·

454 1382 612 1456 timonio
628 1361 764 1454 statem
781 1375 1099 1476 Hirttenbergenllr
1119 1377 1163 1451 ln
1181 1371 1508 1451 derilundlertnn
1524 1397 1593 1474 pro
1612 1370 1952 1448 minenwismurht
1962 1367 2092 1473 pellim

453 1523 591 1600 habita.

506 1814 670 1888 Fnemnt
685 1787 823 1901 tamen,
842 1827 883 1884 ut
899 1835 946 1884 ne
957 1809 1029 1884 hoo
1039 1810 1285 1896 diffiteamur,
1303 1813 1430 1910 quide
1449 1810 1655 1884 carinthiae
1675 1807 1883 1905 seripserunt
1898 1805 2092 1898 solliliburr

458 1958 520 2034 sed
536 1958 574 2034 hi
591 1961 706 2032 exteri
725 1980 877 2040 omnes,
902 1959 965 2052 qui
985 1959 1023 2026 in
1044 1954 1230 2028 Carintbia
1257 1969 1321 2026 aut
1345 1977 1533 2048 nunquam
1550 1953 1713 2044 suerunt,
1742 1970 1809 2028 aut
1837 1977 1913 2028 non
1939 1956 2001 2027 nili
2026 1963 2092 2052 pe'r

456 2103 685 2192 transennam
709 2099 906 2188 viderunt,
931 2115 996 2172 aot
1023 2103 1178 2173 minerar
1196 2121 1398 2196 canamque
1427 2097 1682 2197 descriptiones
1710 2097 1914 2174 habuerunt
1941 2099 1987 2173 ab
2012 2101 2092 2175 aliie

455 2247 718 2345 mineralogine
738 2241 845 2340 saepe
863 2268 992 2340 pamm
1009 2247 1135 2341 peritis
1153 2246 1450 2317 communicatae.
1480 2244 1573 2317 Cum
1593 2245 1834 2318 admiratione
1846 2246 2013 2343 profecto
2030 2271 2091 2322 me
2211 2303 2214 2310 .

455 2390 576 2490 legill'e
590 2392 763 2477 memini,
794 2391 958 2461 stannum
971 2389 1080 2483 illlrie
1097 2387 1173 2460 dari
1187 2391 1390 2464 inordinate
1407 2390 1643 2488 'crystallinum
1668 2393 1705 2462 in
1726 2393 1909 2488 pyritacea
1926 2395 2088 2480 matrice,

458 2536 560 2635 quod
582 2551 653 2608 tner
677 2535 788 2608 stanni
806 2533 915 2607 librae
945 2535 1293 2632 incentumpondio
1312 2535 1500 2635 largiatur!
1529 2534 1645 2612 adesse
1669 2558 1816 2635 quoque
1844 2534 1994 2634 spumae
2013 2538 2090 2636 lupi
2156 2637 2161 2646 Ι

457 2680 634 2778 speciem,
659 2705 753 2777 quae
776 2679 886 2754 ditior
908 2677 1028 2752 multo
1043 2679 1226 2756 sexdecim
1244 2684 1356 2754 etiam
1379 2677 1490 2754 stanni
1516 2682 1627 2754 librar
1645 2681 1819 2779 praebeat
1836 2682 1846 2752 l
1873 2681 1947 2754 Sed
1967 2697 2006 2754 et
2026 2707 2090 2758 na·

458 2827 577 2898 tivum
597 2828 635 2896 in
652 2821 837 2896 Carinthia
852 2822 1044 2921 plumbum
1062 2827 1217 2898 inveniri
1236 2824 1374 2914 nescio,
1392 2828 1470 2925 quit
1487 2829 1624 2922 primur
1643 2826 1753 2914 dixit,
1770 2824 1902 2924 suaque
1919 2829 2090 2902 autorita-

457 2969 626 3066 teipsum
645 2969 905 3067 mineralogiae
923 2969 1034 3042 decue
1050 2984 1089 3041 et
1103 2987 1362 3043 ornamentum
1377 2973 1569 3069 princepe,
1589 2965 1827 3062 Watlortum,
1847 2970 1941 3044 barre
1959 2973 1998 3043 in
2013 2967 2089 3043 serr·

459 3117 612 3189 tentiam
626 3113 778 3186 induxit.

510 3405 651 3477 Iteratis
665 3397 908 3506 Bleybergae
917 3347 1058 3489 vicibus
1074 3404 1145 3493 sui,
1165 3403 1226 3476 sed
1252 3425 1438 3503 nunquam
1457 3346 1521 3478 rel
1537 3403 1612 3501 ipse
1624 3407 1746 3494 inveni
1756 3419 1851 3488 ‚utut
1866 3427 1888 3476 a
1901 3427 2090 3502 quoquam

453 3553 653 3623 inventum
672 3545 856 3636 intellexi,
872 3560 935 3620 aut
950 3526 1346 3644 nativun‘plumbum,
1370 3565 1433 3621 ant
1458 3565 1649 3648 granatum
1673 3550 1876 3623 martialem
1895 3549 2090 3622 flavo-ru·

460 3695 609 3768 bentem
632 3687 866 3797 Cronstedtr',
881 3693 942 3764 nili
963 3693 1111 3790 quidem
1128 3691 1404 3782 flavescentern,
1428 3717 1522 3789 quae
1546 3692 1687 3788 plumbi
1712 3697 1887 3768 mineram
1904 3694 2090 3766 intrudere

459 3841 574 3927 solet,
590 3835 925 3935 Pseudogalenam,
942 3861 1100 3912 necnon
1120 3833 1537 3934 cubico-crystallinam,
1563 3805 1683 3910 attritu
1705 3832 2090 3935 phosphorescentern,

461 3987 593 4058 eoloris
617 3983 794 4080 granatini
811 4005 879 4076 pro
896 3999 1048 4077 granato
1066 3981 1142 4077 ipso
1163 3984 1242 4079 quis
1262 3949 1409 4054 habeat.
1444 3973 1512 4053 'stc
1531 3951 1714 4055 Villaeum
1735 3979 1862 4078 pallim
1889 4005 1958 4078 pro
1981 3975 2090 4076 Bley·

461 4130 574 4227 berga
595 4130 764 4216 citatum,
783 4123 1025 4197 Neosorulum
1046 4128 1157 4211 item,
1181 4140 1219 4194 et
1237 4123 1487 4198 Vochinenses
1503 4125 1619 4221 Alpes
1645 4129 1681 4197 in
1702 4124 1925 4199 Carinthiam
1944 4125 2091 4197 transtri»

465 4293 518 4348 tas
536 4241 706 4353 inveni03
721 4293 759 4340 re
782 4284 904 4341 autem
924 4293 1011 4342 vera
1028 4271 1147 4340 nullae
1162 4292 1325 4366 unquam
1341 4268 1475 4342 Villaci
1497 4269 1569 4340 srve
1584 4269 1747 4365 plumbi,
1765 4271 1836 4343 stre
1853 4271 1996 4342 alterius
2014 4293 2090 4340 me·

462 4419 540 4493 telli
559 4415 766 4488 exstiterunt
783 4413 951 4502 fodinae3
983 4428 1022 4484 et
1038 4410 1319 4508 Neopborulum
1347 4435 1487 4510 aeque,
1518 4437 1561 4484 ae
1580 4412 1815 4488 Vochinenfle
1843 4412 2013 4486 districtus
2043 4413 2091 4486 ad

465 4562 673 4660 carniolam
693 4559 802 4655 plane
817 4532 999 4654 pertinent
1020 4573 1089 4633 etc.
1132 4557 1242 4630 Adeo
1261 4529 1391 4632 ¹terum
1413 4555 1459 4628 eil
1470 4607 1482 4644 ,
1510 4579 1587 4629 rem
1606 4558 1746 4656 semper
1770 4581 1947 4656 perquam
1967 4556 2091 4646 diffini

465 4709 540 4780 lern
560 4723 598 4779 et
611 4704 759 4802 periculi
775 4699 925 4798 plenam
943 4699 1031 4786 else,
1056 4702 1103 4774 de
1117 4704 1226 4789 locir,
1251 4727 1451 4802 eorumque
1479 4703 1663 4799 productis
1686 4700 1864 4792 scribere,
1896 4705 1933 4774 in
1962 4699 2090 4798 quibur

464 4853 539 4951 ipse
556 4873 741 4951 nunquam
758 4849 879 4920 suerit.
1797 4825 1811 4870 ⁸

518 5144 642 5239 Atque
657 5138 728 5212 hae
744 5139 892 5211 demum
913 5133 1133 5232 potissimum
1157 5135 1203 5207 de
1224 5134 1326 5206 causa
1349 5141 1446 5226 (cum
1475 5154 1512 5209 et
1536 5139 1665 5224 novit,
1692 5136 1872 5232 novisque
1891 5135 2088 5204 amicorum

468 5283 774 5356 sollicitationibus
783 5333 795 5370 ,
822 5298 859 5353 et
884 5281 1030 5376 propria
1055 5282 1166 5351 animi
1186 5284 1222 5351 in
1250 5304 1306 5351 ree
1330 5282 1507 5352 naturales
1531 5281 1769 5377 propenfione
1791 5277 1837 5351 ad
1866 5275 2087 5376 colligenda,
2184 5373 2186 5380 Α

393 5378 398 5388 ¹
470 5425 740 5518 conscribenda,
767 5443 804 5500 et
819 5429 916 5524 typis
931 5424 1116 5522 vulganda
1131 5421 1338 5499 Corinthiae
1356 5421 1481 5497 sollilia
1498 5423 1693 5498 llimnlarer
1708 5423 1924 5511 identidem)
1952 5415 2088 5496 dudum
