5209 6609
1069 872 1453 943 —
1552 856 1559 861 ¹
2036 898 2084 972 23

450 1086 524 1161 tas,
545 1070 697 1161 solidae,
722 1074 946 1149 retractoriae
967 1089 1176 1173 promerent
1189 1074 1272 1170 ferri
1287 1071 1498 1171 cryflallps?
1523 1074 1647 1171 potius
1664 1093 1835 1169 magnam
1858 1068 1988 1143 ochrae
2004 1068 2087 1143 ferri

450 1213 616 1307 copiam,
641 1236 712 1309 qua
729 1212 839 1285 malla
864 1230 1025 1287 cretacea
1043 1217 1152 1287 variis
1174 1214 1285 1287 litatis
1314 1212 1453 1287 imbuta
1473 1230 1510 1286 et
1528 1212 1681 1285 saturata
1700 1209 1767 1299 ert,
1795 1210 1988 1285 earundem
2008 1234 2084 1305 cry·

448 1344 628 1423 llallorum
645 1367 798 1427 matrem
818 1350 885 1426 ese
907 1352 1072 1451 suspicor.

1207 1630 1316 1771 111.

453 1996 1016 2139 Plumbumspotrssrm
1038 2002 1119 2103 ocl
1132 2000 1346 2105 dilutius
1366 2004 1446 2105 vel
1461 2000 1722 2141 obscurius
1737 2000 2036 2147 citrinom,l
2065 2063 2084 2082 -

595 2183 878 2321 mcllrssrm,
911 2185 1131 2288 lanzellir
1172 2187 1482 2325 implicibur,
1519 2186 1790 2324 quadratis
1810 2186 2083 2325 parallelo-

588 2370 954 2511 grammisque,
966 2372 1646 2514 procumbentibuo,sporsrs.
1686 2373 1816 2477 Tob.
1839 2373 1882 2477 I.
1902 2373 2017 2513 Fig.
2038 2404 2081 2474 2.

595 2593 644 2663 o.
672 2553 718 2658 b.

502 2793 617 2871 Intro
645 2786 970 2867 condemnatam
987 2792 1046 2869 od
1063 2790 1101 2870 S.
1126 2792 1407 2897 Cunegrrndem.

451 3068 563 3205 Sunt
583 3126 751 3197 lamellae
769 3123 840 3198 hae
859 3126 1055 3222 irmpliees,
1080 3127 1281 3199 admodum
1306 3129 1471 3225 graciles,
1492 3151 1634 3224 papyro
1651 3130 1850 3214 tenuiores,
1868 3125 2082 3223 diaphanae‚

452 3262 767 3362 laevigatillimae,
792 3267 966 3353 nitentes,
987 3270 1062 3353 jam
1086 3268 1200 3338 diluto
1228 3270 1343 3365 magis
1373 3265 1448 3338 citri
1468 3266 1587 3373 colore
1615 3272 1671 3357 a),
1696 3271 1769 3355 jam
1793 3265 1996 3340 saturatiore
2024 3264 2082 3353 b),

453 3405 638 3502 quadrati,
663 3419 725 3474 arrt
743 3405 851 3473 etiam
875 3371 1207 3501 parallelogrammi
1227 3407 1358 3501 ligura,
1385 3428 1534 3502 qrranrm
1558 3408 1649 3476 latua
1669 3428 1797 3493 unam,
1821 3422 1883 3477 aut
1901 3400 2083 3477 interdum

453 3546 517 3615 vix
540 3542 729 3615 dimidiam
754 3540 895 3613 excedit
921 3544 1054 3617 lineam
1078 3544 1287 3641 parilirram,
1313 3544 1464 3641 planae,
1491 3568 1533 3617 ae
1557 3543 1658 3641 super
1674 3542 1806 3617 eodem
1830 3544 1944 3639 plano
1966 3557 2083 3615 cretae

381 3723 385 3732 ·
454 3684 580 3779 ipsius,
608 3682 680 3756 srve
695 3684 856 3755 verticali
872 3688 932 3776 a),
960 3684 1033 3757 five
1065 3680 1287 3755 horizontali
1312 3682 1350 3769 b)
1368 3684 1663 3779 procumbentes,
1695 3682 1869 3781 prodiga,
1890 3684 1977 3754 alias
1996 3704 2082 3753 ava·

453 3846 494 3895 re
509 3834 651 3893 tantum
666 3844 777 3893 manu
794 3820 948 3918 sparsae,
974 3840 1106 3896 cretam
1123 3836 1298 3911 matrem,
1326 3820 1371 3895 de
1389 3820 1422 3894 se
1441 3820 1652 3919 speciosam,
1673 3822 2083 3917 diversequeluxrrrian·

456 3977 533 4033 tem
556 3958 757 4045 coloribus,
782 3976 820 4030 et
837 3960 1040 4035 dendritieie
1064 3966 1203 4063 pictam
1231 3964 1451 4034 ornamentis
1478 3962 1723 4059 speciosiorem
1751 3984 1797 4032 ex
1824 3960 2009 4031 communi
2027 3974 2083 4031 tot

450 4100 712 4198 elegantiarum
727 4101 987 4173 commixtione
1001 4100 1201 4174 reddentes.
1237 4100 1422 4192 Quoniam
1439 4122 1530 4173 vero
1548 4113 1664 4173 cretae
1682 4098 1739 4171 lric
1758 4098 1853 4171 sacta
1868 4096 1916 4170 ert
1933 4099 2082 4184 mentio,

453 4254 491 4311 et
516 4236 641 4335 (quod
664 4239 835 4337 sngularc
855 4240 963 4336 plane
987 4238 1057 4331 ert)
1082 4257 1216 4313 cretam
1233 4241 1465 4313 metallorum
1485 4240 1595 4311 etiam
1622 4237 1766 4311 'exiliere
1782 4232 1879 4334 posse
1896 4236 2083 4307 matricem

452 4376 613 4451 vidimus
622 4402 634 4462 ς
668 4382 772 4467 juvat
796 4378 902 4475 ipsus
935 4402 1082 4477 quoque
1117 4396 1233 4453 cretae
1260 4377 1386 4470 hujus,
1413 4381 1702 4477 varietatumque
1731 4377 1845 4465 illius,
1878 4374 2082 4447 uberiorem

453 4514 621 4615 tantisper
639 4516 911 4612 descriptionem
932 4520 1028 4593 dare.
1054 4518 1146 4591 Tres
1165 4519 1327 4607 eiusdem
1344 4518 1391 4590 ad
1411 4516 1447 4589 S.
1468 4516 1728 4615 Cunegundern
1745 4515 1947 4588 deteximus
1966 4514 2082 4587 rarle·

454 4673 568 4747 tates,
585 4654 797 4729 cohaelione
822 4656 1062 4751 potillimum,
1087 4684 1128 4762 ac
1145 4656 1336 4731 subtilitate
1352 4656 1527 4755 partium,
1550 4660 1641 4729 inter
1656 4654 1691 4729 se
1707 4656 1931 4743 differenter,
1955 4674 2082 4725 omnes

454 4796 559 4867 acido
577 4795 866 4883 effervescentes,
893 4820 935 4868 ac
962 4796 1104 4893 prorsus
1122 4796 1289 4871 solubiles
1301 4851 1313 4887 ,
1333 4822 1421 4894 quat
1439 4822 1520 4871 cum
1546 4794 1729 4885 Linrraeo,
1753 4794 1945 4879 Wallerio,
1966 4785 2084 4865 Cron-

456 4933 566 5007 lledto
591 4950 629 5007 et
650 4934 787 5009 Bornio
813 4936 858 5009 lic
882 4934 1029 5012 divido:
