5209 6609
1096 828 1479 900 Ξ
2059 861 2246 934 35¹

467 1037 536 1108 etit
551 1037 645 1108 areie
658 1033 898 1132 regrriaribur;
922 1035 973 1104 ita
988 1047 1031 1103 ue
1041 1031 1074 1126 ,fi
1092 1052 1186 1126 quae
1200 1053 1360 1126 paucae,
1377 1045 1448 1104 trec
1465 1045 1576 1126 pota,
1594 1045 1769 1126 quatuor,
1791 1033 1854 1102 vei
1873 1034 2033 1129 quinque
2049 1055 2109 1104 ea·

469 1174 559 1246 dent
574 1173 790 1257 directione,
813 1171 1024 1266 eodemque
1041 1169 1175 1266 augulo
1186 1177 1402 1260 excurrant,
1422 1167 1568 1264 damper
1590 1169 1632 1240 bc
1652 1167 1777 1242 distent
1798 1167 1848 1240 ab
1866 1171 2045 1256 uaricem,
2072 1187 2111 1244 ut

470 1311 595 1385 nullibi
620 1309 690 1382 lese
710 1317 882 1406 tangaat3
905 1307 1014 1381 autb
1042 1329 1137 1404 quae
1160 1282 1256 1382 duae
1280 1305 1459 1382 diuersam
1487 1305 1876 1381 directimemdecutae
1892 1323 2024 1382 ‘mittuo
2050 1333 2111 1384 oc-

469 1463 633 1535 currant,
652 1471 812 1545 vereque
831 1445 864 1517 se
885 1461 1054 1543 tangant,
1071 1461 1155 1516 tunc
1172 1445 1234 1516 vel
1255 1445 1367 1516 altera
1386 1447 1536 1516 omnino
1562 1443 1622 1516 sub
1644 1445 1774 1516 eodem
1796 1445 1950 1543 angulo,
1977 1449 2012 1518 in
2033 1463 2112 1520 tota

467 1588 528 1660 lua
557 1585 740 1682 superficie
762 1584 955 1680 superficiei
980 1583 1122 1656 alteriue
1142 1581 1293 1688 inlidet,
1321 1583 1519 1657 ueletiam
1548 1585 1660 1656 altera
1686 1583 1838 1656 alteram
1858 1581 2012 1660 decullat
2029 1611 2112 1660 cum

469 1727 610 1824 angulis
630 1725 807 1820 oppolitia
824 1720 1046 1819 aequalibus.

1008 1961 1101 2150 f·
1207 1950 1385 2110 '1'22-
1793 2149 1797 2154 ,

471 2241 1055 2422 Ριιιιηῡαιημιῳαῑης
1079 2263 1475 2415 dilucefluvens,
1503 2245 1854 2420 ameum,
1895 2281 2116 2385 umerus

617 2468 999 2607 quadrilatert's,
1023 2470 1105 2568 vel
1129 2467 1284 2568 etiam
1305 2464 1569 2583 trilateris,
1601 2465 1734 2604 dffco
1758 2465 1997 2624 dilutiore
2004 2469 2110 2607 pel·

616 2653 814 2770 lucido,
831 2653 1123 2793 peripheria
1118 2650 1515 2791 semipellucida
1541 2654 1707 2755 colore
1723 2653 2109 2792 magssspmm,

543 2985 548 2994 ‚
617 2859 682 2942 to.
730 2835 1205 3002 Tol-IIIAEigau
1465 2884 1481 2914 „

1312 3049 1316 3056 .
1387 3017 1428 3056 t.

386 3165 393 3174 ,
523 3107 591 3188 Ex
609 3039 917 3211 eadem'sodna'.
973 3170 977 3176 .

471 3333 714 3468 Subtiliffimi
739 3390 844 3466 intur
864 3393 1050 3486 pulretit,
1079 3405 1175 3470 arcte
1200 3407 1323 3472 tamen
1348 3393 1487 3472 matriti
1508 3385 1764 3478 adhaerentia,
1786 3390 1971 3476 instratum
2000 3389 2111 3464 video

468 3531 695 3628 praedictum
719 3531 881 3626 lapidem
904 3532 1102 3621 calcareum
1133 3553 1279 3626 marga,
1303 3527 1362 3605 seu
1383 3493 1663 3628 ¹tafru.,calcarea
1687 3530 1828 3638 argilla.
1843 3531 1970 3606 intime
1997 3533 2112 3604 mixta

474 3667 714 3776 Crorfiedti3
733 3697 829 3770 quae
848 3671 960 3746 brida
984 3672 1074 3747 olim
1104 3693 1170 3764 per
1195 3672 1371 3750 extimam
1401 3671 1775 3764 lapidiafuperticlem
1800 3670 1961 3744 stillando
1985 3675 2110 3770 utique

470 3795 652 3889 defluens,
678 3800 756 3873 luae
774 3803 810 3874 in
827 3801 962 3874 eodem
988 3799 1137 3898 relligio
1165 3797 1627 3896 depollritpulverulcntas
1655 3799 1846 3895 particulas
1871 3799 2047 3876 calcareas
2075 3819 2112 3876 ct

469 3939 704 4035 argillaeeaaa
718 3952 814 4034 aqua
832 3938 917 4010 forti
932 3942 1075 4035 egregie
1100 3924 1239 4034 semper
1256 3937 1470 4022 effervescit,
1489 3937 1600 4013 fillula
1615 3938 1903 4044 ferruminatoria
1920 3940 1956 4009 in
1975 3940 2111 4010 vitrum

471 4077 600 4148 cinerei
619 4079 750 4149 coloris
773 4075 877 4149 facile
892 4076 1054 4148 funditur
1061 4100 1073 4161 ;
1098 4091 1134 4148 at
1152 4076 1249 4148 lente
1268 4073 1373 4170 super
1390 4074 1545 4158 carbone
1562 4077 1711 4160 ullulata
1733 4075 1886 4165 (addito
1904 4075 2111 4171 praesertim

470 4193 635 4308 paurillo
651 4216 794 4312 adipis)
819 4239 908 4287 mox
929 4239 949 4285 a
965 4229 1133 4311 magnete
1151 4211 1340 4286 attrahitur
1347 4238 1358 4296 ;
1386 4237 1431 4284 ex
1452 4239 1526 4310 quo
1544 4218 1667 4310 utique
1686 4215 1787 4286 illam
1803 4215 1898 4288 ferro
1917 4217 2109 4312 participa·
2251 4267 2257 4282 .

470 4352 731 4449 recolligitur,
756 4353 858 4450 quod
884 4355 996 4424 etiam
1022 4353 1125 4423 color
1150 4355 1270 4448 primo
1291 4351 1429 4440 flavus,
1455 4351 1538 4424 dein
1567 4351 1820 4442 flavo-rufus,
1847 4351 1966 4424 crufo
1995 4353 2111 4445 ruber,

467 4512 488 4560 e
508 4491 616 4564 rubro
633 4506 753 4565 aetate
771 4493 927 4588 denique
944 4492 1046 4588 niger
1063 4491 1207 4562 indicat.
1241 4490 1337 4561 Huic
1355 4493 1417 4561 tali
1436 4491 1549 4586 lapidi
1567 4509 1713 4566 tenerae
1733 4490 1934 4564 admodum
1963 4493 2112 4568 insident

470 4631 611 4728 plumbi
630 4629 755 4726 spatofi
771 4629 940 4704 lamellae
955 4629 1151 4723 fimplices,
1173 4626 1329 4724 sparsae,
1348 4643 1510 4717 erectae,
1527 4629 1824 4728 subactamque,
1853 4630 1890 4701 id
1906 4629 1952 4702 est
1971 4649 2033 4704 aut
2047 4657 2111 4703 an·

471 4771 559 4870 gulo
575 4785 695 4857 recto,
721 4784 783 4840 aut
802 4767 973 4864 obliquo,
997 4783 1059 4838 aut
1076 4768 1220 4864 penitus
1237 4772 1347 4838 etiam
1367 4767 1644 4859 decumbentes,
1670 4787 1706 4842 et
1722 4771 1925 4874 prostratae.
1960 4767 2009 4839 Ut
2032 4793 2108 4841 ma·

474 4907 658 5008 gnitudine
682 4909 913 5003 caeteroquin
931 4904 1096 4976 differunt
1117 4908 1209 4976 inter
1228 4903 1274 4993 se,
1291 4907 1340 4975 ita
1359 4907 1470 5003 figura
1493 4911 1646 5005 pariter,
1667 4925 1704 4981 ut
1720 4910 1877 5006 perfecte
1897 4907 2110 5004 quadratam

471 5071 546 5119 non
563 5047 702 5134 nullae,
722 5046 814 5119 aliae
830 5044 1075 5142 rectangulam
1092 5041 1290 5140 oblongam
1316 5049 1458 5141 potius,
1485 5049 1736 5144 triangularem
1769 5047 1924 5143 denique
1950 5043 2108 5122 habeant

472 5186 585 5286 aliaej
604 5158 715 5282 prout
732 5200 793 5256 aut
810 5185 913 5259 lateri
930 5206 1095 5280 quaeque
1114 5181 1195 5270 suo,
1221 5197 1395 5280 tanquam
1420 5185 1490 5257 basi
1516 5201 1577 5258 aut
1601 5185 1782 5284 diagonali
1808 5184 1961 5282 praecise
1981 5187 2105 5260 infinit.
2199 5269 2217 5278 -

474 5321 663 5396 Gracilitar
681 5321 955 5420 teneritudoquc
972 5320 1168 5395 earundem
1188 5345 1365 5420 perquam
1388 5321 1435 5394 est
1459 5323 1663 5423 singularis,
1690 5340 1730 5397 ut
1754 5323 2011 5396 crailitudinem
2029 5323 2104 5398 sere

1640 5459 1720 5534 Eu
