5209 6609
1133 1136 1323 1287 xxx·
1398 1194 1404 1208 ·

412 1431 976 1569 Plumbumspatrssrm
1008 1425 1376 1563 cereo-flavum
1406 1305 1817 1560 crystallisaturrz
1848 1420 2048 1560 crystal.

429 1597 434 1606 ¹
477 1647 481 1655 ·
551 1608 625 1770 [lis
643 1606 1041 1730 octodecae'dris‚
1073 1611 1151 1712 ad
1171 1584 1783 1752 lentiumstmilrludincm
1812 1607 2058 1713 acceden.

548 1801 707 1904 tibus,
756 1799 886 1902 Tab.
915 1798 1013 1900 XI.
1032 1797 1148 1936 Frg.
1177 1793 1255 1898 26.
1305 1835 1323 1892 ι.

464 2122 532 2202 Ec
549 2115 852 2228 endemsodina.

412 2356 508 2494 Qui
534 2395 694 2502 primunr
714 2406 929 2480 varietatem
958 2404 1052 2511 harre
1068 2403 1251 2479 festinante
1272 2406 1481 2502 cumprimis
1498 2389 1778 2478 intuit'ussuerit
1804 2393 1933 2496 oculo',
1968 2427 2049 2478 cor-

291 2550 295 2555 ”
410 2543 665 2642 pusculaflava
677 2549 841 2642 utrinque
855 2569 1036 2635 convexa,
1053 2517 1358 2632 sublentisormia‚
1379 2543 1476 2615 susco
1488 2541 1705 2638 superstrato
1719 2541 1873 2641 dispersa
1885 2543 2056 2618 sevidcre

342 2746 350 2760 ,
413 2681 618 2770 crediderit-3
654 2685 804 2756 adeo-et
821 2686 1087 2782 magnitudine,
1114 2701 1152 2756 et
1167 2685 1285 2754 sorn'ra
1301 2683 1456 2754 lentibus
1474 2682 1589 2754 serme
1618 2683 1740 2754 similia
1759 2683 1848 2756 sunt.
1877 2687 2056 2758 Attamen

415 2823 486 2921 lige
504 2822 608 2919 super
632 2847 677 2894 ea
696 2809 758 2895 vel
778 2824 923 2894 tantillo
944 2810 1121 2918 temporis
1147 2824 1273 2893 oculos
1293 2837 1431 2892 attenta
1464 2845 1545 2891 cum
1570 2837 1713 2905 mente,
1739 2820 1918 2918 polyedra
1936 2847 2058 2895 cernes

415 2963 613 3059 regularia,
638 2985 713 3034 non
737 2929 1048 3057 lentes-utrinque
1076 2941 1282 3046 convexas,
1300 2958 1479 3053 crystallos
1510 2951 1660 3055 inquam
1690 2959 1971 3035 octodecae'dras
2000 2964 2057 3036 vi·

413 3103 503 3200 giuti
523 3117 680 3198 quatuor
697 3101 857 3198 angulis,
874 3121 1007 3195 easque
1024 3121 1099 3170 non
1108 3152 1120 3188 ,
1138 3114 1180 3170 ut
1200 3101 1236 3169 in
1255 3099 1486 3195 praecedenti
1505 3099 1705 3189 varietate,
1722 3095 1887 3200 utrinque
1912 3097 2056 3198 depres-

339 3295 344 3302 ·
413 3239 466 3316 sas
488 3257 527 3313 et
544 3241 692 3338 planas,
716 3237 777 3311 sed
799 3215 1016 3312 adientium
1035 3233 1322 3334 indarutrinque
1342 3238 1524 3324 elevatas,
1556 3261 1708 3334 quarum
1727 3241 1881 3312 altitudo
1901 3241 2059 3340 longitu-

413 3380 507 3452 dinis
531 3379 802 3478 latitudinisque
824 3378 984 3476 aequalis
1008 3391 1071 3448 aut
1090 3373 1221 3472 suppar
1242 3377 1281 3446 fit
1307 3375 1495 3446 diametro.
1525 3373 1626 3447 Dum
1641 3381 1716 3466 iam
1739 3377 2056 3452 octodecaedricas

414 3519 616 3615 crystallos,
632 3516 692 3591 seu
710 3538 861 3612 corpora
877 3516 1072 3612 regularia,
1090 3516 1181 3586 inter
1197 3515 1307 3610 plana
1325 3516 1547 3610 geometrica
1561 3514 1634 3588 duo
1656 3515 1832 3614 deviginti
1850 3519 1886 3587 in
1903 3521 2057 3618 angulos

417 3658 554 3733 solidos
579 3659 709 3756 viginti
736 3672 892 3753 quatuor
918 3654 1163 3726 concurrentia
1194 3658 1393 3748 intercepta
1420 3641 1593 3742 dicimus,
1627 3678 1738 3728 nemo
1766 3657 1944 3752 crystallos
1968 3659 2059 3749 has,

379 3760 382 3768 Ι
415 3812 528 3896 prout
545 3795 669 3869 saltem
685 3799 723 3866 in
736 3792 919 3891 praesente
940 3806 1126 3865 occurrunt
1149 3789 1364 3886 specimine,
1384 3795 1488 3864 unius
1514 3793 1748 3893 ejusdemque
1769 3794 1911 3868 formae
1932 3822 2059 3871 omnes

417 3935 673 4010 existimaverit
696 3933 783 4018 eise;
800 3919 882 4006 imo'
905 3917 1321 4035 quintuplioes,'easq'tin
1338 3935 1431 4023 inter
1455 3930 1490 4002 se
1513 3954 1588 4004 non
1614 3954 1744 4028 patum
1767 3934 1969 4009 disserentes
1997 3939 2060 4010 tle-

418 4077 588 4149 teximus.
605 4073 744 4146 Harum
756 4073 855 4164 ,aliae
871 4071 990 4168 planis
1006 4070 1100 4142 binis
1115 4069 1496 4168 regularibussummo
1514 4087 1551 4144 et
1569 4073 1694 4152 infimo
1714 4075 1886 4170 oppostis
1905 4093 2058 4174 octogo-

420 4217 475 4286 nis
496 4213 748 4310 sexdecimque
774 4211 1124 4308 parallelogrammis
1147 4212 1339 4306 trapezinis
1373 4175 1578 4284 lateralibus
1610 4211 1788 4302 conflant,
1818 4217 2059 4307 altitudinem,

420 4353 493 4425 live
512 4331 793 4439 craffitudinem,
810 4353 979 4448 cujusque
994 4350 1143 4445 cryssalli
1162 4355 1206 4421 ea'
1222 4351 1304 4448 lege
1323 4347 1593 4422 elisrmantibus
1607 4403 1618 4438 ‚
1634 4365 1674 4422 ut
1693 4355 1817 4425 earum
1837 4371 1923 4428 octo
1943 4381 1989 4430 ex
2005 4356 2058 4429 su-

419 4492 572 4588 perioris
598 4494 770 4589 octogoni
796 4489 965 4562 lateribus
991 4489 1138 4586 oblique
1165 4489 1400 4578 descendant,
1419 4491 1556 4586 reliqua
1581 4513 1672 4564 vcro
1698 4508 1782 4565 octo
1811 4517 1857 4566 ex
1883 4495 2059 4570 inferioris

421 4634 595 4728 octogoni
620 4647 704 4702 octo
724 4630 851 4701 itidem
871 4629 1045 4702 lateribus
1070 4627 1130 4700 sub
1155 4629 1287 4701 eadem
1313 4653 1394 4701 crnn
1419 4627 1598 4726 prioribus
1619 4629 1832 4728 obliquitate
1859 4633 2060 4726 ascendant,

423 4770 541 4844 donec
566 4769 747 4866 superiora
765 4793 847 4842 curn
871 4768 1096 4842 inferioribus
1121 4773 1158 4841 in
1180 4771 1399 4867 proflantem
1424 4771 1580 4842 carinam
1609 4789 1830 4845 concurrant.
1856 4773 1960 4848 Pone
1985 4781 2061 4864 iam

423 4925 627 5008 octogonae
650 4911 833 5005 utriusque
851 4907 1044 5006 superficiei
1062 4911 1175 4982 latera
1195 4911 1360 5007 aequalia
1385 4913 1475 4982 inter
1499 4907 1533 4979 se
1552 4931 1618 4980 nec
1635 4909 1836 4984 admodum
1860 4913 1970 5012 longa
1993 4913 2061 4988 esse

423 5047 861 5132 omniauctodeeaedriea,
882 5048 1241 5145 quaeindenalbitirr,
1253 5031 1442 5146 crystallus,
1459 5045 1928 5146 suborbieularts‘veluterit,
1948 5060 2073 5151 etpai'

422 5188 714 5284 rallelogramma
725 5177 784 5258 illa
793 5186 971 5258 sexdecim
982 5193 1093 5284 (quae
1103 5189 1390 5286 crystalli'corpus
1409 5215 1474 5288 per
1489 5192 1666 5264 ambitum
1680 5191 1822 5289 stipant)
1836 5196 1957 5266 omnia
1972 5163 2074 5264 item'

423 5321 696 5398 intersemutuo
707 5327 881 5421 aequalia.
892 5323 1053 5399 Ovalem
1066 5328 1273 5400 autemscre
1284 5329 1414 5402 reseret
1426 5331 1758 5427 crystalluslentem,
1769 5335 1910 5429 quoties
1923 5335 2061 5420 (utnon

423 5489 504 5538 raro
537 5481 574 5538 et
609 5465 696 5538 illud
723 5469 862 5557 evenit)
890 5467 1028 5540 alterna
1060 5468 1236 5542 duntaxat
1274 5487 1537 5570 octogonarum
1569 5477 1736 5546 areanrm‘
1758 5471 1871 5543 latera
1904 5473 1997 5545 inter
2026 5469 2067 5560 sc,

1584 5656 1667 5728 Ha
