5209 6609
535 789 614 874 ‚50
1201 765 1590 813 u*-

563 970 785 1044 ealeinatum
802 967 918 1042 nullas
933 968 1086 1044 omnino
1102 971 1203 1069 gypfi
1222 989 1329 1048 notas
1348 974 1494 1052 habere.
1526 977 1586 1048 Ex
1600 977 1732 1054 eadem
1752 980 1864 1054 carrlia
1882 984 1943 1054 alii
1961 980 2035 1055 duo
2052 984 2201 1062 celeber·

562 1123 648 1192 ritui
665 1118 882 1218 miaeralogi
901 1121 1063 1216 lapidem
1078 1117 1603 1228 hunc-Marmorstralariam
1620 1123 1788 1202 Linnaei
1802 1135 2040 1229 appellarunt,
2057 1139 2116 1208 etii
2133 1135 2202 1209 hoe

560 1261 791 1355 (tellantibira
809 1260 1007 1354 Linnaeo,
1036 1261 1236 1352 Wallerr'o,
1261 1264 1486 1372 Cronstedto
1505 1286 1543 1342 et
1560 1267 1613 1344 da
1636 1268 1767 1379 Costa)
1789 1275 1828 1347 fit
1844 1280 1935 1372 Iapis
1955 1279 2131 1352 calcareas
2147 1305 2200 1350 ru·

563 1411 630 1484 ber
646 1413 778 1510 argilla
794 1417 951 1506 mixtur,
980 1431 1148 1512 tempore
1177 1441 1267 1492 vero
1295 1415 1457 1506 albidus,
1477 1441 1551 1488 non
1571 1435 1692 1522 autern
1712 1424 1822 1520 niger.
1849 1423 1942 1494 Cum
1965 1442 2049 1498 ante
2074 1429 2201 1525 viginti

560 1583 679 1637 anuos
698 1558 753 1631 bia
768 1563 886 1636 Idriae
897 1561 1050 1651 luillem,
1067 1563 1206 1659 saepius
1225 1563 1320 1636 hunc
1339 1563 1499 1660 lapidem
1517 1587 1612 1660 aqua
1622 1564 1707 1636 forti
1716 1568 1929 1662 exploravi;
1948 1569 2087 1669 semper
2102 1575 2202 1647 effer·

555 1706 689 1794 vescit,
707 1704 769 1778 sed
786 1704 1051 1782 effervescentia
1069 1709 1178 1780 'nudis
1197 1712 1310 1782 oculis
1328 1733 1402 1780 non
1420 1705 1646 1803 conspicitur3
1670 1733 1779 1804 quam
1797 1715 1956 1807 primum
1972 1741 2063 1790 vero
2082 1734 2202 1816 guttu·
2357 1729 2362 1742 ’

553 1851 632 1928 lam
648 1849 754 1942 hujus
769 1852 898 1950 liquidi
913 1855 1152 1950 microscopio
1171 1851 1372 1946 subjicimus
1382 1909 1395 1944 ,
1419 1875 1554 1951 magna
1576 1852 1687 1927 oritur
1713 1855 1990 1945 effervescentia,
2007 1864 2200 1958 plurimae·

558 2025 631 2102 que
650 2023 742 2075 mox
760 2007 890 2074 aereae
908 2001 1067 2077 bullulae
1082 2008 1242 2079 minutae
1262 2018 1449 2102 apparent.
1481 1998 1541 2071 Est
1557 1997 1679 2097 ita'que
1696 2003 1789 2098 lapis
1806 2002 1865 2077 hic
1882 2010 2081 2104 aequabilis
2091 2067 2102 2102 ‚
2121 2013 2202 2086 soli·

554 2149 648 2238 dua,
666 2145 768 2223 tarde
786 2147 845 2222 seu
862 2151 969 2224 oculo
988 2151 1087 2223 nudo
1105 2153 1326 2227 iuvifibiliter
1343 2143 1592 2230 effervescens,
1618 2146 1815 2238 calcareas,
1836 2157 1897 2249 qui
1916 2181 2034 2252 neque
2052 2162 2199 2256 argillae

555 2301 685 2399 intime
713 2301 849 2372 mixtus
879 2297 948 2386 est,
985 2327 1105 2400 neque
1138 2329 1207 2401 pro
1233 2319 1337 2399 parte
1370 2297 1472 2372 acido
1498 2291 1635 2362 vitrioli
1660 2291 1844 2382 imbutus;
1880 2303 1939 2374 sed
1966 2308 2073 2379 nimis
2101 2335 2200 2382 com·

553 2464 683 2546 pactus
701 2443 771 2534 eit,
787 2461 825 2520 et
841 2450 1040 2544 particulae
1061 2451 1177 2524 incluli
1198 2455 1287 2522 a'e'ria
1303 2451 1365 2524 lixi
1379 2450 1429 2520 ita
1448 2429 1600 2532 aliquae
1617 2434 1718 2525 sunt,
1744 2459 1781 2514 ut
1801 2444 1861 2519 sub
1877 2451 1980 2528 tarda
1997 2455 2146 2531 calearei
2165 2459 2201 2530 in

553 2623 650 2700 aqua
667 2597 752 2672 forti
769 2593 945 2674 solutione
973 2623 1107 2698 aquam
1122 2597 1214 2672 lianc
1238 2599 1425 2672 evidenter
1446 2594 1590 2671 elevare
1616 2579 1713 2656 haud
1732 2593 1890 2672 valeant.

1300 2886 1496 2997 XXIII.

548 3177 1113 3324 Plumbumspatosam
1133 3180 1502 3284 aurantiacum
1524 3183 1930 3322 crystallfflrtaa,
1955 3179 2203 3321 crystalluli

696 3366 1050 3512 irregulariter
1092 3365 1388 3484 arrrrarrr,
1410 3341 1810 3510 straaaparrrr.
1874 3367 2004 3470 Tra.
2047 3369 2194 3470 Vara

701 3557 817 3700 Flg.
835 3589 914 3696 19.

606 3901 674 3992 da
697 3903 832 3986 eadam
844 3895 1005 4014 studiari.

560 4137 873 4274 Patrlrrrrtrrrrrr
901 4177 1080 4276 Iliaciutcu
1094 4229 1105 4268 ,
1126 4173 1268 4278 semper
1295 4201 1377 4250 cum
1405 4177 1643 4252 admiratione
1666 4177 1920 4275 spectandum,
1937 4175 2043 4249 nullia
2069 4189 2196 4251 tamen

552 4351 719 4431 uuquam
738 4322 858 4404 varlrli
880 4321 959 4400 sun
978 4337 1040 4398 uut
1077 4337 1152 4398 tam
1172 4325 1356 4424 elegantur
1375 4321 1666 4412 describendum,
1681 4347 1800 4420 neque
1820 4321 2064 4420 pingendum,
2080 4345 2195 4419 quam

553 4479 705 4573 rtrqrrrr
726 4469 798 4548 iasa
820 4467 933 4568 tulpia
959 4469 1072 4544 actalia
1094 4469 1294 4575 uldeqdum
1315 4467 1463 4542 exhibet
1477 4469 1516 4538 in
1538 4484 1677 4540 natura.
1704 4467 1917 4542 Hexaddrae
1944 4465 2092 4566 qqidem
2115 4463 2194 4538 sunt

554 4613 704 4721 ‹ryttrttt
733 4635 882 4702 numm,
913 4637 987 4688 uun
1009 4627 1153 4702 tamen,
1180 4629 1219 4688 ut
1236 4613 1353 4686 dicere
1373 4610 1550 4700 solemus,
1575 4613 1782 4709 regulariter
1798 4609 2021 4698 hexa'e'drae,
2038 4633 2193 4706 quarum

552 4765 645 4844 illua
668 4759 781 4838 rulnu
814 4756 871 4834 val
899 4773 1015 4834 turtur
1028 4807 1041 4846 ‚
1074 4757 1133 4832 vel
1155 4755 1434 4856 obliquangulos
1454 4755 1513 4828 Ieu
1533 4755 1822 4840 rhomboidales,
1837 4743 1942 4824 'aliae
1965 4752 2194 4850 parallelepi-

549 4906 670 5017 paiitt,
695 4903 806 4983 tutl'tu
827 4903 917 4980 rtur
936 4897 1111 4977 rlrrrrrrtror
1130 4899 1326 4976 l'rlerriticos
1344 4921 1431 5002 prae
1455 4901 1491 4994 se
1503 4903 1598 4974 ierre
1616 4899 1804 4980 videntur;
1826 4897 1893 4967 illia
1911 4911 2033 4970 tamen
2054 4913 2117 4968 aut
2139 4897 2192 4968 al-

550 5050 670 5137 tlltaiu
691 5073 765 5129 unu
792 5046 924 5123 aritiam
946 5069 1027 5120 autu
1052 5045 1279 5144 lungitudine
1299 5047 1581 5144 latitudineque,
1608 5059 1668 5116 aut
1692 5042 1881 5141 longitudo
1909 5039 2004 5112 abeli
2029 5039 2191 5137 prismati

551 5208 787 5298 tartarisqulu
814 5189 937 5269 ‹lnlrlta
967 5191 1002 5266 lu
1020 5189 1107 5274 titur
1125 5189 1358 5292 arridentque
1379 5194 1414 5264 iu
1440 5191 1573 5264 ultimis
1590 5189 1736 5261 inferior
1759 5186 1933 5286 aliurgens
1954 5183 2072 5258 delicit
2091 5208 2190 5280 pars,

551 5368 588 5433 ut
607 5340 789 5449 trylluilru
807 5334 939 5420 ualutlt
964 5349 1042 5412 urta
1060 5335 1240 5440 pyramidi
1259 5334 1526 5436 quadrangulae
1543 5334 1655 5432 paulo
1672 5333 1775 5432 supra
1793 5331 1900 5405 basim
1917 5331 2076 5403 infimam
2093 5331 2191 5404 trun·
2250 5317 2257 5340 ⁸
