5209 6609
532 855 595 928 118
1184 843 1550 894 —

512 1103 521 1118 .
548 1062 608 1119 tea
626 1045 753 1124 lavata
775 1052 813 1124 in
833 1075 968 1152 aquam
989 1052 1093 1142 injeci
1112 1053 1247 1128 fortem
1266 1054 1555 1151 copiofiusculam
1566 1083 1577 1141 ;
1605 1056 1764 1130 bullulae
1781 1055 1928 1142 ndreae,
1949 1049 2181 1126 effervescen-

547 1193 620 1264 tiae
637 1195 848 1270 manifestae
866 1196 1020 1286 indicia,
1049 1196 1269 1295 superficiem
1290 1199 1391 1272 fluidi
1408 1204 1589 1298 petierunt
1609 1204 1751 1291 nullae,
1777 1201 1889 1274 sedet
1911 1198 2060 1272 excolor
2079 1219 2183 1292 prae-

549 1352 648 1410 terea
671 1342 839 1430 acidum,
878 1357 915 1414 et
941 1345 1155 1446 immutatae
1186 1345 1411 1440 perstiterunt
1437 1348 1648 1444 perplures
1676 1349 1752 1420 dies
1779 1349 1815 1417 in
1842 1345 1976 1416 eodem
2000 1337 2193 1415 demersae·

549 1483 719 1580 eryllalli3
747 1486 865 1559 donec
883 1488 964 1584 posi
980 1485 1232 1561 hebdomades
1253 1489 1410 1587 denique
1436 1491 1577 1586 aliquot
1593 1493 1855 1586 crystallorum,
1889 1485 2110 1584 superficiem
2128 1499 2186 1558 te·

548 1630 610 1701 nui
638 1630 743 1703 velut
766 1628 963 1703 obductam
992 1633 1207 1718 mueedine,
1252 1650 1290 1705 et
1321 1633 1471 1704 acidum·
1496 1631 1699 1707 dilutillime
1727 1634 2005 1706 flavo-virente
2031 1631 2187 1702 tinctum

550 1774 697 1868 colore,
723 1773 875 1848 indubio
884 1775 1072 1849 solutionis
1093 1780 1208 1875 qualis
1226 1781 1343 1874 qualis
1355 1777 1471 1851 factae
1483 1779 1727 1876 fignoinveni.
1756 1777 1867 1869 Quod
1880 1779 2033 1874 reliquas
2045 1771 2189 1870 plumbi

472 1953 478 1965 ·
552 1915 906 2016 spatoliCarinthiaei
920 1925 1114 1996 varietates
1130 1924 1272 2006 attinet,
1288 1922 1402 2012 albas,
1419 1883 1597 2018 byalinas,
1614 1923 1813 2006 excolores,
1830 1921 2040 2016 pellucidas,
2058 1917 2189 1990 metal-

552 2061 734 2157 licolores,
747 2063 1442 2156 comeo-Deviscinerascentesomnes,
1460 2070 1672 2163 praeprimis
1690 2091 1783 2166 quae
1800 2068 1921 2165 quarzi
1941 2063 2014 2136 albi
2038 2062 2100 2133 vel
2108 2057 2183 2132 Bo·

555 2212 645 2283 racis
664 2208 743 2283 sunt
767 2216 859 2288 facie
883 2193 921 2285 ei
938 2213 1072 2300 colore,
1090 2212 1135 2284 ad
1154 2181 1447 2309 primumllatinr
1468 2236 1585 2310 aquae
1603 2212 1705 2284 sortis
1727 2226 1936 2296 contactum
1954 2203 2191 2282 effervescunt

553 2367 800 2465 aliquantum,
818 2383 914 2455 aqua
934 2373 1057 2428 tamen
1075 2336 1256 2429 forti'cito
1278 2359 1465 2442 imbibita,
1492 2358 1550 2430 ets
1568 2355 1773 2454 longissimo
1792 2359 1882 2428 intra
1903 2353 2058 2432 eandem
2073 2371 2190 2422 rema·

549 2528 660 2585 neant
683 2527 873 2604 tempore,
895 2499 1028 2598 absque
1046 2505 1147 2572 omni
1165 2502 1335 2600 deinceps
1353 2519 1477 2588 motu,
1508 2518 1543 2575 et
1567 2502 1729 2591 ejusdem
1747 2501 1970 2574 coloratione
1994 2495 2189 2596 persistunt.

549 2658 591 2730 Id
616 2656 733 2728 solnm
753 2655 846 2722 inter
866 2647 1017 2719 eosdem
1033 2646 1177 2717 discrim
1193 2650 1260 2719 inis
1278 2647 1510 2719 observatum
1528 2647 1609 2734 suit,
1624 2645 1723 2744 quod
1739 2646 1843 2720 albae
1862 2650 1985 2744 quarzi
2001 2648 2092 2720 facie
2112 2671 2192 2743 cry·

550 2799 639 2873 flalli
667 2796 894 2874 albedinem,
923 2791 1111 2863 excoleres
1137 2789 1308 2886 hyalinae
1333 2808 1369 2863 et
1389 2792 1591 2886 pellucidae
1611 2791 1895 2888 pelluciditatem
1909 2817 1921 2875 ;
1950 2794 2193 2873 metallicolo.

552 2969 608 3019 res
629 2944 786 3040 denique
808 2955 845 3012 et
860 2937 1000 3011 metalli
1017 2939 1173 3008 nitorem
1190 2953 1227 3008 et
1243 2935 1527 3032 pelluciditatem
1549 2941 1583 3008 in
1602 2961 1698 3034 aqua
1717 2937 1802 3009 forti
1820 2937 2019 3026 amiserint,
2037 2961 2074 3016 et
2091 2945 2193 3018 dein·

548 3115 638 3188 ceps
668 3108 796 3160 omnes
837 3079 979 3179 prorsus
1007 3081 1067 3152 fibi
1101 3082 1228 3154 smiles
1255 3080 1390 3185 inerint
1424 3081 1606 3179 grandinis
1633 3079 1788 3178 speciem
1818 3083 2035 3177 referentes,
2063 3055 2196 3168 scilieet

551 3233 701 3329 hyalino
715 3226 965 3302 -subalbentes
981 3241 1017 3298 et
1034 3226 1259 3322 pellucidae,
1281 3227 1343 3301 vel
1362 3225 1476 3356 saltim
1495 3225 1711 3323 diaphanae.

602 3522 888 3598 Metallicolores
908 3532 1096 3614 praeterea
1110 3569 1122 3605 ‚
1138 3517 1161 3587 li
1179 3532 1241 3588 aut
1260 3513 1413 3588 craffiori
1433 3515 1541 3588 crusta
1558 3513 1743 3607 Galenae,
1766 3533 1827 3590 aut
1845 3523 2012 3610 tenuiori,
2023 3525 2194 3624 equidem

555 3693 676 3768 neque
698 3667 744 3740 ab
771 3668 872 3737 omni
894 3679 1009 3759 parte,
1027 3660 1207 3734 obductae
1233 3678 1414 3750 attamen,
1440 3662 1689 3758 resplendente
1715 3663 1916 3736 admodum
1945 3670 2062 3743 nitore
2082 3689 2195 3761 erant,

555 3833 618 3888 aut
638 3815 790 3886 omnino
803 3834 905 3925 non,
928 3825 990 3879 aut
1013 3830 1087 3878 non
1112 3807 1173 3876 nili
1192 3805 1270 3902 poli
1295 3809 1455 3905 aliquam
1474 3801 1629 3879 ¹demum
1647 3831 1813 3894 moram,
1838 3809 1900 3881 ubi
1923 3815 2038 3911 magis
2062 3820 2195 3916 magis·

556 3986 627 4060 que
647 3958 682 4031 se
702 3955 844 4030 diffudit
863 3977 1008 4050 pereas
1028 3951 1170 4022 acidum
1196 3952 1276 4023 nitri
1300 3975 1429 4046 parum
1452 3953 1736 4052 brevissimoque
1752 3955 1997 4032 movebantur
2012 3972 2193 4054 tempore.

554 4082 607 4180 nr
624 4103 734 4176 ruilae
752 4116 887 4187 contra,
908 4097 1081 4194 quamdiu
1100 4097 1163 4169 vel
1178 4096 1382 4169 tenuissime
1400 4097 1539 4170 inlirata
1559 4097 1668 4169 ochra
1688 4101 1749 4168 illa
1774 4100 1927 4170 martiali
1949 4102 2194 4191 incruslantur,

556 4251 650 4324 fixae
668 4244 947 4341 immobilesque
967 4241 1064 4330 sunt,
1084 4243 1256 4340 lotaeque
1276 4217 1492 4338 primum'et
1508 4265 1574 4338 per
1590 4243 1766 4314 lotionem
1785 4243 1989 4338 pellucidae
2010 4249 2194 4339 redditae,

557 4396 687 4470 eadem
712 4415 794 4465 cum
819 4390 918 4462 albis'
934 4405 996 4460 aut
1015 4385 1169 4483 hyalinis
1189 4385 1304 4460 modo
1331 4387 1424 4459 dicta
1444 4383 1701 4484 phaenomena
1722 4387 1981 4483 praestiterunt.
2011 4389 2193 4506 Obl'erpa·

558 4546 676 4616 tiones
700 4536 766 4610 has
787 4561 887 4610 meas
914 4533 1064 4607 eumad
1089 4533 1276 4605 laudatum
1302 4533 1407 4629 snpra
1433 4527 1688 4634 Hanstndium
1717 4531 1959 4634 Bleybergam
1984 4534 2193 4634 perscripfis-

557 4687 646 4775 sem,
661 4684 737 4757 snas
754 4678 906 4754 vicillim
925 4705 1006 4752 cum
1019 4685 1194 4753 varietate
1206 4676 1305 4751 flava
1321 4679 1446 4768 saetas,
1459 4677 1611 4780 responsi
1629 4677 1725 4768 loco,
1743 4681 1789 4752 ad
1802 4705 1862 4752 me
1874 4681 2081 4769 transmisit,
2103 4701 2191 4778 quas

558 4831 617 4904 bic
634 4847 735 4902 tanto
756 4827 935 4902 lubentius
952 4823 1167 4898 adserendas
1188 4821 1368 4914 judicavi,
1389 4825 1490 4923 quod
1510 4849 1530 4897 a
1550 4829 1641 4900 meis
1660 4851 1706 4900 ne
1726 4828 1860 4914 latum,
1878 4842 1917 4898 ut
1934 4822 2108 4912 dicimus,
2129 4849 2191 4897 un·

559 5000 670 5076 guem
689 4975 866 5049 recedant.

614 5263 708 5356 „Ad
725 5261 909 5366 abruptos
925 5261 1074 5367 plumbi
1085 5259 1347 5369 spanoststovr'
1374 5258 1573 5372 crystallus
1602 5285 1742 5366 aquom
1756 5255 1969 5366 fontanam
1988 5284 2059 5364 per
2083 5261 2184 5334 vices

563 5405 850 5516 iteratassudi,
869 5437 912 5486 eo
925 5408 1262 5515 potssimumfinc,
1284 5425 1327 5488 ut
1345 5409 1501 5486 easdem
1519 5407 1568 5496 ab
1584 5407 1842 5487 immunditiis
1857 5407 1936 5484 illic
1949 5421 2074 5484 terrae
2089 5403 2189 5483 rner-
