5209 6609
1064 893 1436 936 -
2008 931 2107 1006 5¹·

425 1130 526 1189 eatae
550 1120 693 1211 potius,
713 1138 823 1212 quam
840 1113 1007 1186 selonitae
1025 1113 1145 1184 similis
1161 1111 1210 1182 sit.
1239 1107 1352 1182 Color
1370 1109 1439 1182 illis
1458 1107 1617 1184 {moene
1638 1114 1884 1202 aurantiacus,
1908 1129 1945 1186 et
1965 1116 2064 1186 nitor

427 1285 475 1332 ex
494 1259 660 1349 diversis,
678 1276 789 1357 prout
809 1273 1015 1354 vertuntur,
1040 1263 1181 1352 punctis
1205 1221 1429 1346 scintillando
1450 1255 1692 1352 resplendens.
1711 1253 1815 1329 Facit
1831 1257 1877 1328 ad
1902 1256 1938 1328 id
1958 1259 2068 1355 pluri-

424 1427 546 1490 mum,
570 1402 672 1500 quod
690 1403 845 1498 crystalli
860 1425 906 1474 eo
929 1403 1136 1496 cumprimis
1155 1415 1262 1472 natae
1281 1397 1475 1472 videantur
1493 1417 1681 1494 tempore,
1708 1421 1782 1495 quo
1804 1401 1963 1473 calcarea
1979 1425 2064 1475 ma·
2129 1499 2135 1510 ι
2244 1455 2249 1462 -

424 1553 513 1633 trix,
539 1547 768 1636 cuiinsrdent,
804 1547 876 1618 sive
897 1546 969 1616 loci
989 1543 1204 1641 iniquitate,
1231 1544 1303 1616 sive
1324 1547 1413 1616 airis
1433 1541 1649 1617 subterranei
1669 1546 1824 1660 injuriis,
1853 1548 1994 1634 vitiari,
2016 1547 2071 1618 sa-

422 1649 562 1779 tiscere,
588 1693 626 1760 in
643 1688 857 1762 cavernosos
874 1689 1051 1760 anfractus
1069 1685 1280 1777 dehiscere,
1311 1684 1518 1783 rursumque
1542 1689 1579 1758 in
1595 1686 1793 1760 bracteatas
1812 1687 1985 1788 affurgere
2008 1692 2061 1762 la·

420 1840 561 1923 minas,
583 1834 740 1906 totidem
763 1833 868 1906 inliar
890 1835 1070 1928 parietum
1098 1833 1235 1926 coepit.
1267 1829 1432 1926 Crysialli
1456 1845 1551 1904 certe
1579 1855 1655 1902 non
1686 1833 1722 1901 in
1749 1835 1948 1906 cavernosa
1980 1835 2069 1906 dun·

419 1993 522 2051 taxat
539 1974 725 2049 recessibus
743 1974 1012 2074 gibberulisque
1032 1976 1177 2048 alternis
1197 1971 1540 2070 protuberantibus,
1563 1970 1678 2046 sedin
1700 1975 1814 2048 latere
1835 1980 1946 2050 ctiam
1970 1995 2069 2052 utro·

420 2147 493 2222 que
512 2120 724 2193 exstantium
746 2119 975 2192 lamellarum
992 2118 1123 2214 lapidis
1148 2119 1318 2206 calcares,
1338 2103 1499 2214 parcius,
1524 2134 1586 2190 aut
1606 2117 1802 2190 liberaliter
1824 2123 1941 2218 magis
1965 2121 2065 2196 disse-

419 2267 579 2340 minatae
608 2261 699 2334 sunt.
734 2261 880 2356 lnsu'per
904 2262 1064 2359 pulveris
1098 2260 1203 2333 inslar
1226 2261 1335 2348 llavi,
1363 2285 1467 2334 more
1491 2259 1645 2335 sacchari
1675 2260 1915 2353 scintillantis,
1942 2265 2060 2362 sparsa

423 2408 584 2502 undique
596 2403 858 2500 conspiciuntur
867 2403 954 2475 inibi
971 2401 1199 2476 minutissima
1215 2403 1433 2501 corpuscula,
1456 2429 1549 2502 quae
1568 2428 1645 2478 non
1659 2407 1718 2477 nifi
1734 2423 1892 2484 armatus
1905 2409 2068 2508 denique

421 2550 570 2641 oculus,
588 2549 790 2644 crystallus,
808 2551 920 2646 paulo
935 2564 1028 2620 ante
1052 2524 1346 2622 commemoratis
1369 2551 1602 2639 consimiles,
1623 2554 1660 2623 in
1689 2531 1938 2651 magnitudine
1963 2557 2071 2630 semi·

418 2699 474 2768 uis
489 2697 708 2792 papaveris,
726 2695 821 2794 quali
838 2694 953 2768 modo
971 2695 1132 2802 genitos,
1153 2689 1222 2766 esse
1242 2691 1392 2790 detegit.

1127 2978 1329 3093 XXIV.

418 3270 700 3376 Plumbum
710 3277 973 3413 stuatosum
969 3259 1221 3412 saturata
1238 3309 1377 3380 cereo
1387 3346 1406 3364 -
1399 3279 1637 3420 flavum,
1661 3233 2064 3418 crrstallffotnm,

565 3456 810 3597 crystallis
824 3458 1098 3562 hexae'drzs
1113 3460 1471 3572 rhomboides.
1498 3465 1628 3571 Tab.
1642 3463 1739 3567 IX.
1754 3465 1868 3604 Frg.
1886 3499 1967 3569 ao,
2061 3464 2064 3472 '

469 3701 537 3783 Ex
554 3701 860 3812 eademfodina.
905 3688 910 3695 ’

422 3941 660 4085 Craffitudo,
687 4012 749 4069 aut
765 4003 887 4093 potius
907 4000 1060 4074 altitudo
1078 4000 1317 4080 rhomborum
1333 4007 1431 4092 facit,
1444 4009 1718 4082 utalamellolis
1737 3969 1900 4082 avulsam
1918 4011 1955 4081 in
1986 3985 2064 4107 cry·

420 4139 639 4212 liallinarum
657 4139 800 4214 censum
819 4141 982 4239 redigam
1000 4148 1215 4219 varietatem
1229 4148 1358 4243 spatoli
1384 4149 1488 4241 hujus
1510 4153 1664 4248 plumbi.
1677 4153 1769 4225 Cum
1787 4152 1892 4244 hujus
1912 4153 2063 4250 crystalli

420 4284 598 4374 majores,
622 4300 684 4358 aut
695 4283 864 4383 suppares
881 4291 1073 4360 minimum
1089 4289 1153 4361 lint
1172 4293 1216 4362 iis
1237 4293 1449 4389 prismaticis
1468 4296 1809 4394 procumbentibus,
1831 4297 1960 4397 quibus
1979 4299 2064 4395 pol·

419 4427 493 4501 lere
509 4425 572 4499 sub
588 4427 698 4500 Num.
718 4430 831 4536 XXII.
854 4430 1067 4528 descriptam
1085 4435 1300 4508 varietatem
1321 4439 1502 4530 vidimus,
1526 4444 1603 4548 quis
1620 4441 1785 4514 lamellas
1807 4458 1843 4515 et
1861 4467 1938 4514 non
1957 4465 2062 4516 veras

425 4570 604 4667 eryslallos
621 4571 743 4643 dicat?
770 4573 980 4672 Lougitudo
1000 4601 1124 4649 earum
1143 4577 1292 4670 eadem,
1311 4605 1405 4680 quae
1422 4583 1590 4676 latitudo,
1602 4585 1663 4660 sed
1681 4601 1853 4686 utraeque
1874 4585 2064 4684 profundi·

423 4713 537 4787 tatem
549 4738 674 4786 earum
692 4719 832 4814 aliquot
848 4718 987 4792 vicibus
1003 4723 1219 4798 excedentes
1229 4729 1267 4798 in
1285 4727 1475 4827 obliquum
1494 4749 1621 4805 mutuo
1640 4719 1853 4806 concurrunt
1866 4733 2065 4829 angulum,

422 4859 518 4932 uude
543 4858 638 4933 adeo
655 4883 787 4956 corpus
815 4861 949 4938 necesse
966 4863 1016 4938 cst
1036 4865 1221 4965 exsurgere
1239 4875 1401 4970 regulare
1416 4873 1686 4950 'rhomboideo-
1704 4874 1927 4950 hexaidrum
1937 4928 1949 4964 ,
1968 4876 2061 4950 binis

422 4982 614 5098 oppositis,
632 5018 670 5111 et
685 5007 895 5101 aequalibus
911 4993 1073 5081 rh‘ombis
1092 5015 1279 5104 maximis,
1298 5037 1526 5120 quatuorque
1545 5022 1895 5120 parallelogrammis
1935 5023 2063 5094 latera·

420 5143 534 5236 libus,
549 5149 807 5246 anguillaribus
830 5153 998 5252 quidem,
1020 5156 1112 5228 inter
1133 5153 1168 5231 se
1192 5177 1314 5234 tamen
1347 5166 1845 5262 aequalibusmntcrceptum.
1884 5166 2053 5237 Tristiore

428 5307 608 5364 caeterum
629 5316 730 5367 cerae
751 5295 872 5370 flavae
892 5299 1015 5371 colore
1034 5303 1165 5374 tinctae
1185 5301 1262 5379 sunt
1277 5303 1540 5382 rhomboideae
1559 5309 1628 5385 hae
1653 5311 1823 5407 crystalli,
1843 5306 2058 5380 hortamen

420 5455 496 5508 non
522 5434 710 5514 obsillente
734 5439 939 5541 diaphanac
961 5443 1106 5536 adhuc,
1127 5465 1164 5525 et
1178 5452 1345 5528 lactibus
1366 5454 1636 5556 nitentibusque
1657 5453 1907 5556 superficiebus
1923 5453 2062 5526 micau-

1589 5599 1624 5674 G
1653 5625 1672 5672 a
