<?xml version="1.0" encoding="UTF-8"?>
<!DOCTYPE html PUBLIC "-//W3C//DTD XHTML 1.0 Transitional//EN"
    "http://www.w3.org/TR/xhtml1/DTD/xhtml1-transitional.dtd">
<html xmlns="http://www.w3.org/1999/xhtml" xml:lang="en" lang="en">
 <head>
  <title>
</title>
<meta http-equiv="Content-Type" content="text/html;charset=utf-8" />
  <meta name='ocr-system' content='tesseract 3.04.00' />
  <meta name='ocr-capabilities' content='ocr_page ocr_carea ocr_par ocr_line ocrx_word'/>
</head>
<body>
  <div class='ocr_page' id='page_1' title='image "./xaveriiwulfende00eyergoog_0014.png"; bbox 0 0 5209 6609; ppageno 0'>
   <div class='ocr_carea' id='block_1_1' title="bbox 513 877 1536 964">
    <p class='ocr_par' dir='ltr' id='par_1_1' title="bbox 513 877 1536 964">
     <span class='ocr_line' id='line_1_1' title="bbox 513 877 1536 964; baseline 0.003 -53"><span class='ocrx_word' id='word_1_1' title='bbox 513 913 559 964; x_wconf 69' lang='grc' dir='ltr'>ιο</span> <span class='ocrx_word' id='word_1_2' title='bbox 1140 877 1536 914; x_wconf 53' lang='lat' dir='ltr'>m</span> 
     </span>
    </p>
   </div>
   <div class='ocr_carea' id='block_1_2' title="bbox 508 1070 2172 1626">
    <p class='ocr_par' dir='ltr' id='par_1_2' title="bbox 508 1070 2172 1626">
     <span class='ocr_line' id='line_1_2' title="bbox 508 1070 2157 1188; baseline -0.002 -26"><span class='ocrx_word' id='word_1_3' title='bbox 508 1089 655 1188; x_wconf 86' lang='lat' dir='ltr'>plorata</span> <span class='ocrx_word' id='word_1_4' title='bbox 678 1079 883 1174; x_wconf 85' lang='lat' dir='ltr'><strong>methodo,</strong></span> <span class='ocrx_word' id='word_1_5' title='bbox 908 1080 1032 1155; x_wconf 87' lang='lat' dir='ltr'>addita</span> <span class='ocrx_word' id='word_1_6' title='bbox 1048 1107 1273 1181; x_wconf 88' lang='lat' dir='ltr'>quamquam</span> <span class='ocrx_word' id='word_1_7' title='bbox 1289 1086 1431 1158; x_wconf 89' lang='lat' dir='ltr'>tantilla</span> <span class='ocrx_word' id='word_1_8' title='bbox 1447 1083 1587 1157; x_wconf 89' lang='lat' dir='ltr'>boraeis</span> <span class='ocrx_word' id='word_1_9' title='bbox 1600 1133 1612 1167; x_wconf 92' lang='lat'>,</span> <span class='ocrx_word' id='word_1_10' title='bbox 1629 1082 1894 1178; x_wconf 86' lang='lat' dir='ltr'>limaturaeque</span> <span class='ocrx_word' id='word_1_11' title='bbox 1909 1081 1995 1156; x_wconf 83' lang='lat' dir='ltr'>ferri</span> <span class='ocrx_word' id='word_1_12' title='bbox 2017 1070 2157 1179; x_wconf 77' lang='lat' dir='ltr'>portiu-</span> 
     </span>
     <span class='ocr_line' id='line_1_3' title="bbox 508 1213 2172 1331; baseline -0.005 -22"><span class='ocrx_word' id='word_1_13' title='bbox 508 1261 577 1324; x_wconf 91' lang='lat' dir='ltr'>ne,</span> <span class='ocrx_word' id='word_1_14' title='bbox 595 1243 754 1331; x_wconf 82' lang='lat' dir='ltr'>quatuor</span> <span class='ocrx_word' id='word_1_15' title='bbox 773 1230 966 1304; x_wconf 87' lang='lat' dir='ltr'>minimum</span> <span class='ocrx_word' id='word_1_16' title='bbox 985 1225 1092 1323; x_wconf 88' lang='lat' dir='ltr'>supra</span> <span class='ocrx_word' id='word_1_17' title='bbox 1116 1232 1381 1328; x_wconf 83' lang='lat' dir='ltr'>quinquaginta</span> <span class='ocrx_word' id='word_1_18' title='bbox 1393 1229 1534 1326; x_wconf 89' lang='lat' dir='ltr'>plumbi</span> <span class='ocrx_word' id='word_1_19' title='bbox 1554 1227 1661 1300; x_wconf 86' lang='lat' dir='ltr'>libras</span> <span class='ocrx_word' id='word_1_20' title='bbox 1685 1229 1720 1296; x_wconf 88' lang='lat' dir='ltr'>in</span> <span class='ocrx_word' id='word_1_21' title='bbox 1742 1228 2027 1322; x_wconf 89' lang='lat' dir='ltr'>centumpoudio</span> <span class='ocrx_word' id='word_1_22' title='bbox 2051 1213 2172 1326; x_wconf 82' lang='lat' dir='ltr'>largi·¹</span> 
     </span>
     <span class='ocr_line' id='line_1_4' title="bbox 511 1369 2158 1472; baseline -0.004 -17"><span class='ocrx_word' id='word_1_23' title='bbox 511 1399 549 1456; x_wconf 86' lang='lat' dir='ltr'>ta</span> <span class='ocrx_word' id='word_1_24' title='bbox 571 1381 622 1453; x_wconf 86' lang='lat' dir='ltr'>ut.</span> <span class='ocrx_word' id='word_1_25' title='bbox 651 1374 889 1449; x_wconf 81' lang='lat' dir='ltr'>Personarum</span> <span class='ocrx_word' id='word_1_26' title='bbox 917 1376 1041 1472; x_wconf 89' lang='lat' dir='ltr'>itaque</span> <span class='ocrx_word' id='word_1_27' title='bbox 1070 1372 1132 1446; x_wconf 91' lang='lat' dir='ltr'>sub</span> <span class='ocrx_word' id='word_1_28' title='bbox 1162 1373 1280 1448; x_wconf 83' lang='lat' dir='ltr'>aliena</span> <span class='ocrx_word' id='word_1_29' title='bbox 1299 1376 1430 1471; x_wconf 88' lang='lat' dir='ltr'>lapidis</span> <span class='ocrx_word' id='word_1_30' title='bbox 1457 1375 1582 1446; x_wconf 84' lang='lat' dir='ltr'><strong>vitrice</strong></span> <span class='ocrx_word' id='word_1_31' title='bbox 1613 1371 1716 1442; x_wconf 88' lang='lat' dir='ltr'>larva</span> <span class='ocrx_word' id='word_1_32' title='bbox 1738 1369 1931 1466; x_wconf 87' lang='lat' dir='ltr'><strong>plumbum</strong></span> <span class='ocrx_word' id='word_1_33' title='bbox 1960 1369 2052 1462; x_wconf 87' lang='lat' dir='ltr'>else,</span> <span class='ocrx_word' id='word_1_34' title='bbox 2079 1377 2158 1472; x_wconf 88' lang='lat' dir='ltr'>quis</span> 
     </span>
     <span class='ocr_line' id='line_1_5' title="bbox 509 1516 896 1626; baseline -0.034 -25"><span class='ocrx_word' id='word_1_35' title='bbox 509 1547 621 1626; x_wconf 85' lang='lat' dir='ltr'>porto</span> <span class='ocrx_word' id='word_1_36' title='bbox 642 1521 778 1596; x_wconf 87' lang='lat' dir='ltr'>inficias</span> <span class='ocrx_word' id='word_1_37' title='bbox 803 1516 896 1590; x_wconf 85' lang='lat' dir='ltr'>ibit?</span> 
     </span>
    </p>
   </div>
   <div class='ocr_carea' id='block_1_3' title="bbox 440 1814 2172 4076">
    <p class='ocr_par' dir='ltr' id='par_1_3' title="bbox 506 1814 2172 3652">
     <span class='ocr_line' id='line_1_6' title="bbox 566 1814 2156 1913; baseline -0.003 -23"><span class='ocrx_word' id='word_1_38' title='bbox 566 1816 720 1912; x_wconf 87' lang='lat' dir='ltr'>Quodsi</span> <span class='ocrx_word' id='word_1_39' title='bbox 741 1821 817 1906; x_wconf 87' lang='lat' dir='ltr'>jam</span> <span class='ocrx_word' id='word_1_40' title='bbox 834 1814 880 1888; x_wconf 88' lang='lat' dir='ltr'>ad</span> <span class='ocrx_word' id='word_1_41' title='bbox 903 1816 1084 1903; x_wconf 85' lang='lat' dir='ltr'>colorem,</span> <span class='ocrx_word' id='word_1_42' title='bbox 1103 1840 1177 1913; x_wconf 92' lang='lat' dir='ltr'>quo</span> <span class='ocrx_word' id='word_1_43' title='bbox 1198 1816 1319 1890; x_wconf 82' lang='lat' dir='ltr'>fucata</span> <span class='ocrx_word' id='word_1_44' title='bbox 1342 1815 1411 1888; x_wconf 89' lang='lat' dir='ltr'>sese</span> <span class='ocrx_word' id='word_1_45' title='bbox 1429 1818 1541 1888; x_wconf 87' lang='lat' dir='ltr'>oculis</span> <span class='ocrx_word' id='word_1_46' title='bbox 1554 1814 1723 1888; x_wconf 84' lang='lat' dir='ltr'>exhibere</span> <span class='ocrx_word' id='word_1_47' title='bbox 1740 1815 1849 1898; x_wconf 90' lang='lat' dir='ltr'>solet,</span> <span class='ocrx_word' id='word_1_48' title='bbox 1871 1817 1989 1888; x_wconf 77' lang='lat' dir='ltr'>nullus</span> <span class='ocrx_word' id='word_1_49' title='bbox 2006 1815 2082 1889; x_wconf 82' lang='lat' dir='ltr'>sere</span> <span class='ocrx_word' id='word_1_50' title='bbox 2095 1815 2156 1898; x_wconf 88' lang='lat' dir='ltr'>eli,</span> 
     </span>
     <span class='ocr_line' id='line_1_7' title="bbox 514 1957 2158 2064; baseline -0.003 -27"><span class='ocrx_word' id='word_1_51' title='bbox 514 1989 589 2064; x_wconf 91' lang='lat' dir='ltr'>quo</span> <span class='ocrx_word' id='word_1_52' title='bbox 610 1963 763 2042; x_wconf 83' lang='lat' dir='ltr'>illitam,</span> <span class='ocrx_word' id='word_1_53' title='bbox 783 1963 846 2058; x_wconf 91' lang='lat' dir='ltr'>qui</span> <span class='ocrx_word' id='word_1_54' title='bbox 863 1960 909 2032; x_wconf 92' lang='lat' dir='ltr'>de</span> <span class='ocrx_word' id='word_1_55' title='bbox 921 1959 1162 2057; x_wconf 86' lang='lat' dir='ltr'>Miueralogia</span> <span class='ocrx_word' id='word_1_56' title='bbox 1178 1958 1396 2056; x_wconf 88' lang='lat' dir='ltr'>scripserunt,</span> <span class='ocrx_word' id='word_1_57' title='bbox 1411 1985 1484 2031; x_wconf 92' lang='lat' dir='ltr'>uon</span> <span class='ocrx_word' id='word_1_58' title='bbox 1499 1961 1673 2032; x_wconf 89' lang='lat' dir='ltr'>viderint:</span> <span class='ocrx_word' id='word_1_59' title='bbox 1692 1959 1809 2032; x_wconf 88' lang='lat' dir='ltr'>censet</span> <span class='ocrx_word' id='word_1_60' title='bbox 1830 1962 1928 2056; x_wconf 88' lang='lat' dir='ltr'>apud</span> <span class='ocrx_word' id='word_1_61' title='bbox 1940 1957 2158 2034; x_wconf 83' lang='lat' dir='ltr'>Linnueum</span> 
     </span>
     <span class='ocr_line' id='line_1_8' title="bbox 512 2101 2156 2210; baseline -0.004 -28"><span class='ocrx_word' id='word_1_62' title='bbox 512 2134 600 2210; x_wconf 82' lang='lat' dir='ltr'>pag.</span> <span class='ocrx_word' id='word_1_63' title='bbox 626 2126 710 2204; x_wconf 77' lang='lat'>134.</span> <span class='ocrx_word' id='word_1_64' title='bbox 735 2101 999 2192; x_wconf 76' lang='lat' dir='ltr'>Lehmannus,</span> <span class='ocrx_word' id='word_1_65' title='bbox 1018 2121 1056 2176; x_wconf 91' lang='lat' dir='ltr'>et</span> <span class='ocrx_word' id='word_1_66' title='bbox 1076 2129 1159 2176; x_wconf 89' lang='lat' dir='ltr'>curn</span> <span class='ocrx_word' id='word_1_67' title='bbox 1175 2129 1220 2176; x_wconf 87' lang='lat' dir='ltr'>eo</span> <span class='ocrx_word' id='word_1_68' title='bbox 1237 2105 1342 2176; x_wconf 88' lang='lat' dir='ltr'>sacile</span> <span class='ocrx_word' id='word_1_69' title='bbox 1360 2127 1509 2190; x_wconf 88' lang='lat' dir='ltr'>omnes,</span> <span class='ocrx_word' id='word_1_70' title='bbox 1537 2106 1699 2176; x_wconf 90' lang='lat' dir='ltr'>colorem</span> <span class='ocrx_word' id='word_1_71' title='bbox 1729 2103 1774 2176; x_wconf 87' lang='lat' dir='ltr'>ab</span> <span class='ocrx_word' id='word_1_72' title='bbox 1793 2104 1958 2176; x_wconf 84' lang='lat' dir='ltr'>admixto</span> <span class='ocrx_word' id='word_1_73' title='bbox 1989 2121 2156 2202; x_wconf 87' lang='lat' dir='ltr'>repeten-</span> 
     </span>
     <span class='ocr_line' id='line_1_9' title="bbox 513 2247 2159 2346; baseline -0.004 -18"><span class='ocrx_word' id='word_1_74' title='bbox 513 2255 602 2328; x_wconf 90' lang='lat' dir='ltr'>dum</span> <span class='ocrx_word' id='word_1_75' title='bbox 620 2251 794 2332; x_wconf 87' lang='lat' dir='ltr'>metallo;</span> <span class='ocrx_word' id='word_1_76' title='bbox 819 2264 856 2320; x_wconf 92' lang='lat' dir='ltr'>et</span> <span class='ocrx_word' id='word_1_77' title='bbox 872 2265 967 2319; x_wconf 89' lang='lat' dir='ltr'>recte</span> <span class='ocrx_word' id='word_1_78' title='bbox 997 2247 1034 2318; x_wconf 90' lang='lat' dir='ltr'>id</span> <span class='ocrx_word' id='word_1_79' title='bbox 1054 2249 1224 2344; x_wconf 89' lang='lat' dir='ltr'>quidem;</span> <span class='ocrx_word' id='word_1_80' title='bbox 1249 2253 1306 2338; x_wconf 90' lang='lat' dir='ltr'>(ut</span> <span class='ocrx_word' id='word_1_81' title='bbox 1322 2247 1538 2346; x_wconf 84' lang='lat' dir='ltr'>Mineralogi</span> <span class='ocrx_word' id='word_1_82' title='bbox 1557 2253 1675 2330; x_wconf 89' lang='lat' dir='ltr'>enim,</span> <span class='ocrx_word' id='word_1_83' title='bbox 1705 2272 1780 2342; x_wconf 83' lang='lat' dir='ltr'>nun</span> <span class='ocrx_word' id='word_1_84' title='bbox 1803 2265 1843 2320; x_wconf 94' lang='lat' dir='ltr'>ut</span> <span class='ocrx_word' id='word_1_85' title='bbox 1871 2247 2010 2344; x_wconf 86' lang='lat' dir='ltr'>Phyllei</span> <span class='ocrx_word' id='word_1_86' title='bbox 2036 2248 2095 2322; x_wconf 89' lang='lat' dir='ltr'>hic</span> <span class='ocrx_word' id='word_1_87' title='bbox 2114 2249 2159 2321; x_wconf 90' lang='lat' dir='ltr'>de</span> 
     </span>
     <span class='ocr_line' id='line_1_10' title="bbox 513 2391 2161 2492; baseline -0.005 -20"><span class='ocrx_word' id='word_1_88' title='bbox 513 2397 637 2472; x_wconf 86' lang='lat' dir='ltr'>colore</span> <span class='ocrx_word' id='word_1_89' title='bbox 651 2395 882 2492; x_wconf 83' lang='lat' dir='ltr'>loquimur3)</span> <span class='ocrx_word' id='word_1_90' title='bbox 902 2392 974 2464; x_wconf 88' lang='lat' dir='ltr'>srve</span> <span class='ocrx_word' id='word_1_91' title='bbox 992 2395 1090 2463; x_wconf 89' lang='lat' dir='ltr'>enirn</span> <span class='ocrx_word' id='word_1_92' title='bbox 1114 2409 1240 2466; x_wconf 90' lang='lat' dir='ltr'>natura</span> <span class='ocrx_word' id='word_1_93' title='bbox 1259 2391 1346 2487; x_wconf 92' lang='lat' dir='ltr'>ipsa,</span> <span class='ocrx_word' id='word_1_94' title='bbox 1366 2392 1437 2463; x_wconf 87' lang='lat' dir='ltr'>srve</span> <span class='ocrx_word' id='word_1_95' title='bbox 1453 2407 1600 2463; x_wconf 88' lang='lat' dir='ltr'>naturae</span> <span class='ocrx_word' id='word_1_96' title='bbox 1617 2393 1761 2464; x_wconf 90' lang='lat' dir='ltr'>aemula</span> <span class='ocrx_word' id='word_1_97' title='bbox 1780 2417 1855 2480; x_wconf 85' lang='lat' dir='ltr'>ars,</span> <span class='ocrx_word' id='word_1_98' title='bbox 1880 2393 2065 2490; x_wconf 87' lang='lat' dir='ltr'>pingenda</span> <span class='ocrx_word' id='word_1_99' title='bbox 2089 2391 2161 2464; x_wconf 87' lang='lat' dir='ltr'>sus-</span> 
     </span>
     <span class='ocr_line' id='line_1_11' title="bbox 516 2531 2165 2639; baseline -0.004 -23"><span class='ocrx_word' id='word_1_100' title='bbox 516 2546 652 2639; x_wconf 84' lang='lat' dir='ltr'>ceperit</span> <span class='ocrx_word' id='word_1_101' title='bbox 671 2561 845 2634; x_wconf 88' lang='lat' dir='ltr'>corpora,</span> <span class='ocrx_word' id='word_1_102' title='bbox 872 2560 895 2607; x_wconf 91' lang='lat' dir='ltr'>a</span> <span class='ocrx_word' id='word_1_103' title='bbox 914 2536 1073 2608; x_wconf 87' lang='lat' dir='ltr'><strong>metallis</strong></span> <span class='ocrx_word' id='word_1_104' title='bbox 1101 2537 1276 2608; x_wconf 83' lang='lat' dir='ltr'>duntaxat</span> <span class='ocrx_word' id='word_1_105' title='bbox 1296 2539 1450 2608; x_wconf 89' lang='lat' dir='ltr'>mutuari</span> <span class='ocrx_word' id='word_1_106' title='bbox 1468 2533 1593 2607; x_wconf 89' lang='lat' dir='ltr'>assolet</span> <span class='ocrx_word' id='word_1_107' title='bbox 1614 2537 1765 2609; x_wconf 86' lang='lat' dir='ltr'>colores.</span> <span class='ocrx_word' id='word_1_108' title='bbox 1795 2531 2012 2626; x_wconf 83' lang='lat' dir='ltr'>Linnueus,</span> <span class='ocrx_word' id='word_1_109' title='bbox 2047 2532 2165 2612; x_wconf 84' lang='lat' dir='ltr'>Cron-</span> 
     </span>
     <span class='ocr_line' id='line_1_12' title="bbox 506 2675 2165 2790; baseline -0.004 -30"><span class='ocrx_word' id='word_1_110' title='bbox 506 2682 688 2790; x_wconf 82' lang='lat' dir='ltr'>ssedtus,</span> <span class='ocrx_word' id='word_1_111' title='bbox 719 2675 1155 2767; x_wconf 80' lang='lat' dir='ltr'>Wullerius,Bornius,</span> <span class='ocrx_word' id='word_1_112' title='bbox 1176 2675 1456 2767; x_wconf 81' lang='lat' dir='ltr'>Brttnuicltius,</span> <span class='ocrx_word' id='word_1_113' title='bbox 1480 2677 1678 2754; x_wconf 83' lang='lat' dir='ltr'>Gmelinus</span> <span class='ocrx_word' id='word_1_114' title='bbox 1707 2682 1862 2778; x_wconf 87' lang='lat' dir='ltr'>aliique,</span> <span class='ocrx_word' id='word_1_115' title='bbox 1890 2682 2016 2770; x_wconf 82' lang='lat' dir='ltr'>albae,</span> <span class='ocrx_word' id='word_1_116' title='bbox 2050 2681 2165 2778; x_wconf 86' lang='lat' dir='ltr'>hyali·</span> 
     </span>
     <span class='ocr_line' id='line_1_13' title="bbox 519 2823 2161 2923; baseline -0.003 -18"><span class='ocrx_word' id='word_1_117' title='bbox 519 2855 613 2919; x_wconf 88' lang='lat' dir='ltr'>nae,</span> <span class='ocrx_word' id='word_1_118' title='bbox 640 2829 832 2914; x_wconf 81' lang='lat' dir='ltr'>flaventis,</span> <span class='ocrx_word' id='word_1_119' title='bbox 852 2823 1001 2912; x_wconf 87' lang='lat' dir='ltr'>rubrae,</span> <span class='ocrx_word' id='word_1_120' title='bbox 1020 2824 1166 2911; x_wconf 81' lang='lat' dir='ltr'>viridia,</span> <span class='ocrx_word' id='word_1_121' title='bbox 1197 2828 1381 2912; x_wconf 81' lang='lat' dir='ltr'>cinereae,</span> <span class='ocrx_word' id='word_1_122' title='bbox 1410 2823 1698 2914; x_wconf 88' lang='lat' dir='ltr'>caerulescentis,</span> <span class='ocrx_word' id='word_1_123' title='bbox 1717 2824 1888 2923; x_wconf 81' lang='lat' dir='ltr'>sapphyri</span> <span class='ocrx_word' id='word_1_124' title='bbox 1912 2828 2016 2898; x_wconf 84' lang='lat' dir='ltr'>inliar</span> <span class='ocrx_word' id='word_1_125' title='bbox 2038 2851 2161 2900; x_wconf 88' lang='lat' dir='ltr'>caeru-</span> 
     </span>
     <span class='ocr_line' id='line_1_14' title="bbox 516 2969 2162 3073; baseline -0.003 -23"><span class='ocrx_word' id='word_1_126' title='bbox 516 2979 619 3062; x_wconf 85' lang='lat' dir='ltr'>leae,</span> <span class='ocrx_word' id='word_1_127' title='bbox 645 2975 732 3070; x_wconf 91' lang='lat' dir='ltr'>quin</span> <span class='ocrx_word' id='word_1_128' title='bbox 749 2987 787 3044; x_wconf 89' lang='lat' dir='ltr'>et</span> <span class='ocrx_word' id='word_1_129' title='bbox 814 2972 937 3066; x_wconf 80' lang='lat' dir='ltr'>nigrae</span> <span class='ocrx_word' id='word_1_130' title='bbox 957 2971 1222 3073; x_wconf 88' lang='lat' dir='ltr'>meminerunt,</span> <span class='ocrx_word' id='word_1_131' title='bbox 1247 2970 1462 3066; x_wconf 88' lang='lat' dir='ltr'>plerumque</span> <span class='ocrx_word' id='word_1_132' title='bbox 1481 2986 1603 3042; x_wconf 87' lang='lat' dir='ltr'>tamen</span> <span class='ocrx_word' id='word_1_133' title='bbox 1628 2987 1728 3042; x_wconf 85' lang='lat' dir='ltr'>extra</span> <span class='ocrx_word' id='word_1_134' title='bbox 1748 2969 1971 3044; x_wconf 82' lang='lat' dir='ltr'>Carintlriarn</span> <span class='ocrx_word' id='word_1_135' title='bbox 1989 2971 2072 3045; x_wconf 83' lang='lat' dir='ltr'>alba</span> <span class='ocrx_word' id='word_1_136' title='bbox 2093 2971 2162 3046; x_wconf 90' lang='lat' dir='ltr'>else</span> 
     </span>
     <span class='ocr_line' id='line_1_15' title="bbox 518 3107 2162 3216; baseline -0.001 -23"><span class='ocrx_word' id='word_1_137' title='bbox 518 3119 629 3205; x_wconf 91' lang='lat' dir='ltr'>solet,</span> <span class='ocrx_word' id='word_1_138' title='bbox 649 3120 685 3187; x_wconf 87' lang='lat' dir='ltr'>in</span> <span class='ocrx_word' id='word_1_139' title='bbox 708 3111 893 3210; x_wconf 81' lang='lat' dir='ltr'>Carinthia</span> <span class='ocrx_word' id='word_1_140' title='bbox 910 3128 1035 3182; x_wconf 89' lang='lat' dir='ltr'>autern</span> <span class='ocrx_word' id='word_1_141' title='bbox 1054 3107 1338 3208; x_wconf 83' lang='lat' dir='ltr'>Bleybergae,sr</span> <span class='ocrx_word' id='word_1_142' title='bbox 1362 3114 1509 3211; x_wconf 90' lang='lat' dir='ltr'>quidem</span> <span class='ocrx_word' id='word_1_143' title='bbox 1526 3111 1711 3202; x_wconf 78' lang='lat' dir='ltr'>Gaianae,</span> <span class='ocrx_word' id='word_1_144' title='bbox 1745 3133 1807 3188; x_wconf 91' lang='lat' dir='ltr'>aut</span> <span class='ocrx_word' id='word_1_145' title='bbox 1826 3114 1984 3189; x_wconf 87' lang='lat' dir='ltr'>Plumbo</span> <span class='ocrx_word' id='word_1_146' title='bbox 2011 3143 2162 3216; x_wconf 88' lang='lat' dir='ltr'>compa·</span> 
     </span>
     <span class='ocr_line' id='line_1_16' title="bbox 519 3253 2164 3362; baseline -0.001 -24"><span class='ocrx_word' id='word_1_147' title='bbox 519 3280 577 3338; x_wconf 87' lang='lat' dir='ltr'>cto</span> <span class='ocrx_word' id='word_1_148' title='bbox 596 3277 738 3334; x_wconf 82' lang='lat' dir='ltr'>textura</span> <span class='ocrx_word' id='word_1_149' title='bbox 752 3255 928 3352; x_wconf 89' lang='lat' dir='ltr'>chalybea</span> <span class='ocrx_word' id='word_1_150' title='bbox 948 3253 1223 3349; x_wconf 84' lang='lat' dir='ltr'>(Bleyschweis)</span> <span class='ocrx_word' id='word_1_151' title='bbox 1239 3255 1458 3345; x_wconf 85' lang='lat' dir='ltr'>adhaereat,</span> <span class='ocrx_word' id='word_1_152' title='bbox 1498 3276 1560 3330; x_wconf 90' lang='lat' dir='ltr'>aut</span> <span class='ocrx_word' id='word_1_153' title='bbox 1583 3261 1694 3331; x_wconf 89' lang='lat' dir='ltr'>etiam</span> <span class='ocrx_word' id='word_1_154' title='bbox 1716 3257 1919 3348; x_wconf 85' lang='lat' dir='ltr'>inhaereat,</span> <span class='ocrx_word' id='word_1_155' title='bbox 1947 3265 2164 3362; x_wconf 89' lang='lat' dir='ltr'>plerumque</span> 
     </span>
     <span class='ocr_line' id='line_1_17' title="bbox 520 3399 2172 3504; baseline 0.001 -23"><span class='ocrx_word' id='word_1_156' title='bbox 520 3408 753 3490; x_wconf 75' lang='lat' dir='ltr'>excolerem,</span> <span class='ocrx_word' id='word_1_157' title='bbox 774 3399 984 3496; x_wconf 89' lang='lat' dir='ltr'>hyaliuam,</span> <span class='ocrx_word' id='word_1_158' title='bbox 1000 3401 1240 3498; x_wconf 82' lang='lat' dir='ltr'>pellucidam,</span> <span class='ocrx_word' id='word_1_159' title='bbox 1260 3418 1323 3472; x_wconf 91' lang='lat' dir='ltr'>aut</span> <span class='ocrx_word' id='word_1_160' title='bbox 1342 3401 1464 3476; x_wconf 86' lang='lat' dir='ltr'>albam</span> <span class='ocrx_word' id='word_1_161' title='bbox 1488 3421 1526 3474; x_wconf 93' lang='lat' dir='ltr'>et</span> <span class='ocrx_word' id='word_1_162' title='bbox 1545 3401 1853 3498; x_wconf 89' lang='lat' dir='ltr'>semipellucidam</span> <span class='ocrx_word' id='word_1_163' title='bbox 1869 3409 2036 3496; x_wconf 88' lang='lat' dir='ltr'>(alumini</span> <span class='ocrx_word' id='word_1_164' title='bbox 2057 3399 2172 3504; x_wconf 52' lang='lat' dir='ltr'>prae-⁵</span> 
     </span>
     <span class='ocr_line' id='line_1_18' title="bbox 521 3545 2170 3652; baseline 0 -26"><span class='ocrx_word' id='word_1_165' title='bbox 521 3565 674 3652; x_wconf 85' lang='lat' dir='ltr'>parato,</span> <span class='ocrx_word' id='word_1_166' title='bbox 691 3563 730 3620; x_wconf 90' lang='lat' dir='ltr'>et</span> <span class='ocrx_word' id='word_1_167' title='bbox 750 3545 872 3617; x_wconf 90' lang='lat' dir='ltr'>boraci</span> <span class='ocrx_word' id='word_1_168' title='bbox 890 3545 1058 3632; x_wconf 89' lang='lat' dir='ltr'>srmilem)</span> <span class='ocrx_word' id='word_1_169' title='bbox 1075 3561 1136 3614; x_wconf 92' lang='lat' dir='ltr'>aut</span> <span class='ocrx_word' id='word_1_170' title='bbox 1152 3546 1334 3616; x_wconf 87' lang='lat' dir='ltr'>metallico</span> <span class='ocrx_word' id='word_1_171' title='bbox 1354 3548 1472 3618; x_wconf 87' lang='lat' dir='ltr'>ultore</span> <span class='ocrx_word' id='word_1_172' title='bbox 1491 3549 1622 3620; x_wconf 87' lang='lat' dir='ltr'>coloris</span> <span class='ocrx_word' id='word_1_173' title='bbox 1638 3550 1789 3646; x_wconf 85' lang='lat' dir='ltr'>galeuae</span> <span class='ocrx_word' id='word_1_174' title='bbox 1818 3551 1864 3622; x_wconf 92' lang='lat' dir='ltr'>ad</span> <span class='ocrx_word' id='word_1_175' title='bbox 1891 3551 1995 3622; x_wconf 87' lang='lat' dir='ltr'>iuslar</span> <span class='ocrx_word' id='word_1_176' title='bbox 2022 3555 2170 3649; x_wconf 84' lang='lat' dir='ltr'>praedi-</span> 
     </span>
    </p>

    <p class='ocr_par' dir='ltr' id='par_1_4' title="bbox 440 3687 2169 4076">
     <span class='ocr_line' id='line_1_19' title="bbox 523 3687 2169 3788; baseline 0.001 -17"><span class='ocrx_word' id='word_1_177' title='bbox 523 3715 621 3782; x_wconf 87' lang='lat' dir='ltr'>tam,</span> <span class='ocrx_word' id='word_1_178' title='bbox 649 3689 882 3788; x_wconf 87' lang='lat' dir='ltr'>pellucidam,</span> <span class='ocrx_word' id='word_1_179' title='bbox 900 3701 1022 3758; x_wconf 90' lang='lat' dir='ltr'>tamen</span> <span class='ocrx_word' id='word_1_180' title='bbox 1040 3711 1122 3758; x_wconf 89' lang='lat' dir='ltr'>eam</span> <span class='ocrx_word' id='word_1_181' title='bbox 1140 3691 1283 3773; x_wconf 88' lang='lat' dir='ltr'>inveni;</span> <span class='ocrx_word' id='word_1_182' title='bbox 1301 3687 1363 3760; x_wconf 93' lang='lat' dir='ltr'>ubi</span> <span class='ocrx_word' id='word_1_183' title='bbox 1388 3715 1476 3762; x_wconf 88' lang='lat' dir='ltr'>vero</span> <span class='ocrx_word' id='word_1_184' title='bbox 1500 3709 1615 3764; x_wconf 87' lang='lat' dir='ltr'>terrae</span> <span class='ocrx_word' id='word_1_185' title='bbox 1632 3709 1692 3766; x_wconf 85' lang='lat' dir='ltr'>aut</span> <span class='ocrx_word' id='word_1_186' title='bbox 1706 3694 1817 3788; x_wconf 84' lang='lat' dir='ltr'>lapidi</span> <span class='ocrx_word' id='word_1_187' title='bbox 1836 3694 1978 3784; x_wconf 80' lang='lat' dir='ltr'>infidet,</span> <span class='ocrx_word' id='word_1_188' title='bbox 2000 3696 2169 3772; x_wconf 81' lang='lat' dir='ltr'>rariffime</span> 
     </span>
     <span class='ocr_line' id='line_1_20' title="bbox 440 3808 2167 3938; baseline 0.002 -25"><span class='ocrx_word' id='word_1_189' title='bbox 440 3808 444 3817; x_wconf 29' lang='grc' dir='ltr'>Ι</span> <span class='ocrx_word' id='word_1_190' title='bbox 524 3839 628 3924; x_wconf 88' lang='lat' dir='ltr'>alba,</span> <span class='ocrx_word' id='word_1_191' title='bbox 649 3835 791 3929; x_wconf 81' lang='lat' dir='ltr'>semper</span> <span class='ocrx_word' id='word_1_192' title='bbox 806 3831 882 3904; x_wconf 89' lang='lat' dir='ltr'>sere</span> <span class='ocrx_word' id='word_1_193' title='bbox 898 3829 1016 3919; x_wconf 87' lang='lat' dir='ltr'>flava,</span> <span class='ocrx_word' id='word_1_194' title='bbox 1034 3831 1311 3923; x_wconf 78' lang='lat' dir='ltr'>flavo-virens,</span> <span class='ocrx_word' id='word_1_195' title='bbox 1332 3840 1555 3926; x_wconf 81' lang='lat' dir='ltr'>auranriaca,</span> <span class='ocrx_word' id='word_1_196' title='bbox 1577 3835 1837 3926; x_wconf 86' lang='lat' dir='ltr'>flavo-rubra,</span> <span class='ocrx_word' id='word_1_197' title='bbox 1856 3855 1965 3938; x_wconf 89' lang='lat' dir='ltr'>atque</span> <span class='ocrx_word' id='word_1_198' title='bbox 1981 3845 2090 3916; x_wconf 83' lang='lat' dir='ltr'>etiam</span> <span class='ocrx_word' id='word_1_199' title='bbox 2109 3869 2167 3916; x_wconf 92' lang='lat' dir='ltr'>ru·</span> 
     </span>
     <span class='ocr_line' id='line_1_21' title="bbox 523 3981 840 4076; baseline -0.028 -20"><span class='ocrx_word' id='word_1_200' title='bbox 523 3984 589 4058; x_wconf 89' lang='lat' dir='ltr'>bra</span> <span class='ocrx_word' id='word_1_201' title='bbox 603 3981 788 4076; x_wconf 85' lang='lat' dir='ltr'>reperitur.</span> <span class='ocrx_word' id='word_1_202' title='bbox 836 4041 840 4048; x_wconf 87' lang='lat'>.</span> 
     </span>
    </p>
   </div>
   <div class='ocr_carea' id='block_1_4' title="bbox 524 4271 2167 4669">
    <p class='ocr_par' dir='ltr' id='par_1_5' title="bbox 524 4271 2167 4669">
     <span class='ocr_line' id='line_1_22' title="bbox 574 4271 2163 4377; baseline 0.006 -31"><span class='ocrx_word' id='word_1_203' title='bbox 574 4271 635 4346; x_wconf 84' lang='lat' dir='ltr'>Eli</span> <span class='ocrx_word' id='word_1_204' title='bbox 662 4287 698 4345; x_wconf 91' lang='lat' dir='ltr'>et</span> <span class='ocrx_word' id='word_1_205' title='bbox 722 4274 830 4367; x_wconf 89' lang='lat' dir='ltr'>illud,</span> <span class='ocrx_word' id='word_1_206' title='bbox 854 4275 955 4372; x_wconf 91' lang='lat' dir='ltr'>quod</span> <span class='ocrx_word' id='word_1_207' title='bbox 975 4275 1022 4349; x_wconf 89' lang='lat' dir='ltr'>de</span> <span class='ocrx_word' id='word_1_208' title='bbox 1042 4273 1270 4353; x_wconf 87' lang='lat' dir='ltr'>Carinthiaea</span> <span class='ocrx_word' id='word_1_209' title='bbox 1284 4297 1473 4377; x_wconf 90' lang='lat' dir='ltr'>praeterea</span> <span class='ocrx_word' id='word_1_210' title='bbox 1491 4281 1685 4367; x_wconf 89' lang='lat' dir='ltr'>adnotem‚</span> <span class='ocrx_word' id='word_1_211' title='bbox 1710 4297 1750 4355; x_wconf 90' lang='lat' dir='ltr'>ut</span> <span class='ocrx_word' id='word_1_212' title='bbox 1771 4279 1918 4366; x_wconf 84' lang='lat' dir='ltr'>scilicet,</span> <span class='ocrx_word' id='word_1_213' title='bbox 1937 4285 1989 4356; x_wconf 90' lang='lat' dir='ltr'>uti</span> <span class='ocrx_word' id='word_1_214' title='bbox 2006 4289 2163 4358; x_wconf 87' lang='lat' dir='ltr'>vitream</span> 
     </span>
     <span class='ocr_line' id='line_1_23' title="bbox 524 4420 2163 4516; baseline 0.004 -24"><span class='ocrx_word' id='word_1_215' title='bbox 524 4443 712 4513; x_wconf 90' lang='lat' dir='ltr'>uunquam</span> <span class='ocrx_word' id='word_1_216' title='bbox 732 4444 805 4490; x_wconf 93' lang='lat' dir='ltr'>non</span> <span class='ocrx_word' id='word_1_217' title='bbox 833 4420 964 4492; x_wconf 83' lang='lat' dir='ltr'>faciem</span> <span class='ocrx_word' id='word_1_218' title='bbox 985 4423 1165 4516; x_wconf 87' lang='lat' dir='ltr'>praefert,</span> <span class='ocrx_word' id='word_1_219' title='bbox 1182 4428 1251 4514; x_wconf 92' lang='lat' dir='ltr'>ita,</span> <span class='ocrx_word' id='word_1_220' title='bbox 1273 4427 1389 4500; x_wconf 90' lang='lat' dir='ltr'>modo</span> <span class='ocrx_word' id='word_1_221' title='bbox 1409 4447 1571 4501; x_wconf 86' lang='lat' dir='ltr'>recenter</span> <span class='ocrx_word' id='word_1_222' title='bbox 1590 4423 1703 4513; x_wconf 81' lang='lat' dir='ltr'>eruta,</span> <span class='ocrx_word' id='word_1_223' title='bbox 1724 4443 1760 4500; x_wconf 88' lang='lat' dir='ltr'>et</span> <span class='ocrx_word' id='word_1_224' title='bbox 1778 4452 1852 4500; x_wconf 92' lang='lat' dir='ltr'>uon</span> <span class='ocrx_word' id='word_1_225' title='bbox 1882 4432 1973 4500; x_wconf 79' lang='lat' dir='ltr'>aeris</span> <span class='ocrx_word' id='word_1_226' title='bbox 1999 4445 2163 4500; x_wconf 88' lang='lat' dir='ltr'>terraeve</span> 
     </span>
     <span class='ocr_line' id='line_1_24' title="bbox 525 4562 2167 4669; baseline 0.005 -36"><span class='ocrx_word' id='word_1_227' title='bbox 525 4562 676 4634; x_wconf 86' lang='lat' dir='ltr'>foedata</span> <span class='ocrx_word' id='word_1_228' title='bbox 695 4563 735 4633; x_wconf 88' lang='lat' dir='ltr'>lit</span> <span class='ocrx_word' id='word_1_229' title='bbox 750 4565 907 4650; x_wconf 75' lang='lat' dir='ltr'>injuriis,</span> <span class='ocrx_word' id='word_1_230' title='bbox 929 4568 1087 4638; x_wconf 87' lang='lat' dir='ltr'>vitreum</span> <span class='ocrx_word' id='word_1_231' title='bbox 1119 4567 1259 4666; x_wconf 87' lang='lat' dir='ltr'>semper</span> <span class='ocrx_word' id='word_1_232' title='bbox 1275 4575 1452 4657; x_wconf 88' lang='lat' dir='ltr'>nitorem,</span> <span class='ocrx_word' id='word_1_233' title='bbox 1478 4575 1593 4644; x_wconf 88' lang='lat' dir='ltr'>immo</span> <span class='ocrx_word' id='word_1_234' title='bbox 1620 4571 1839 4669; x_wconf 85' lang='lat' dir='ltr'>specularem</span> <span class='ocrx_word' id='word_1_235' title='bbox 1860 4595 2007 4668; x_wconf 88' lang='lat' dir='ltr'>quoque</span> <span class='ocrx_word' id='word_1_236' title='bbox 2031 4573 2167 4667; x_wconf 88' lang='lat' dir='ltr'>politu-</span> 
     </span>
    </p>
   </div>
   <div class='ocr_carea' id='block_1_5' title="bbox 527 4708 2168 4810">
    <p class='ocr_par' dir='ltr' id='par_1_6' title="bbox 527 4708 2168 4810">
     <span class='ocr_line' id='line_1_25' title="bbox 527 4708 2168 4810; baseline 0.005 -34"><span class='ocrx_word' id='word_1_237' title='bbox 527 4731 629 4788; x_wconf 88' lang='lat' dir='ltr'>ram,</span> <span class='ocrx_word' id='word_1_238' title='bbox 646 4708 682 4777; x_wconf 89' lang='lat' dir='ltr'>iu</span> <span class='ocrx_word' id='word_1_239' title='bbox 704 4729 768 4793; x_wconf 85' lang='lat' dir='ltr'>ea,</span> <span class='ocrx_word' id='word_1_240' title='bbox 786 4731 858 4804; x_wconf 91' lang='lat' dir='ltr'>qua</span> <span class='ocrx_word' id='word_1_241' title='bbox 874 4725 1021 4782; x_wconf 78' lang='lat' dir='ltr'>externe</span> <span class='ocrx_word' id='word_1_242' title='bbox 1041 4728 1162 4807; x_wconf 89' lang='lat' dir='ltr'>patet,</span> <span class='ocrx_word' id='word_1_243' title='bbox 1179 4714 1362 4810; x_wconf 84' lang='lat' dir='ltr'>superficie</span> <span class='ocrx_word' id='word_1_244' title='bbox 1380 4713 1546 4787; x_wconf 69' lang='lat' dir='ltr'>exhibete</span> <span class='ocrx_word' id='word_1_245' title='bbox 1565 4717 1663 4786; x_wconf 83' lang='lat' dir='ltr'>ineo</span> <span class='ocrx_word' id='word_1_246' title='bbox 1678 4716 1795 4788; x_wconf 88' lang='lat' dir='ltr'>sorsan</span> <span class='ocrx_word' id='word_1_247' title='bbox 1818 4714 1932 4787; x_wconf 88' lang='lat' dir='ltr'>solum</span> <span class='ocrx_word' id='word_1_248' title='bbox 1952 4719 2084 4788; x_wconf 87' lang='lat' dir='ltr'>avitro</span> <span class='ocrx_word' id='word_1_249' title='bbox 2102 4714 2168 4787; x_wconf 91' lang='lat' dir='ltr'>dis-</span> 
     </span>
    </p>
   </div>
   <div class='ocr_carea' id='block_1_6' title="bbox 525 4823 2167 4956">
    <p class='ocr_par' dir='ltr' id='par_1_7' title="bbox 525 4823 2167 4956">
     <span class='ocr_line' id='line_1_26' title="bbox 525 4823 2167 4956; baseline 0.005 -34"><span class='ocrx_word' id='word_1_250' title='bbox 525 4823 659 4935; x_wconf 81' lang='lat' dir='ltr'>srdens,</span> <span class='ocrx_word' id='word_1_251' title='bbox 682 4851 805 4946; x_wconf 86' lang='lat' dir='ltr'>quod,</span> <span class='ocrx_word' id='word_1_252' title='bbox 823 4876 904 4924; x_wconf 90' lang='lat' dir='ltr'>cum</span> <span class='ocrx_word' id='word_1_253' title='bbox 923 4855 1012 4926; x_wconf 89' lang='lat' dir='ltr'>illud</span> <span class='ocrx_word' id='word_1_254' title='bbox 1033 4882 1218 4956; x_wconf 87' lang='lat' dir='ltr'>nunquam</span> <span class='ocrx_word' id='word_1_255' title='bbox 1233 4884 1306 4932; x_wconf 88' lang='lat' dir='ltr'>non</span> <span class='ocrx_word' id='word_1_256' title='bbox 1328 4859 1548 4956; x_wconf 87' lang='lat' dir='ltr'>p&#39;ellucidum</span> <span class='ocrx_word' id='word_1_257' title='bbox 1566 4860 1625 4948; x_wconf 90' lang='lat' dir='ltr'>srt,</span> <span class='ocrx_word' id='word_1_258' title='bbox 1652 4859 1743 4932; x_wconf 90' lang='lat' dir='ltr'>haec</span> <span class='ocrx_word' id='word_1_259' title='bbox 1765 4882 2027 4956; x_wconf 87' lang='lat' dir='ltr'>nunnunquam</span> <span class='ocrx_word' id='word_1_260' title='bbox 2052 4861 2167 4955; x_wconf 91' lang='lat' dir='ltr'>pellu-</span> 
     </span>
    </p>
   </div>
   <div class='ocr_carea' id='block_1_7' title="bbox 526 4995 2168 5534">
    <p class='ocr_par' dir='ltr' id='par_1_8' title="bbox 526 4995 2168 5534">
     <span class='ocr_line' id='line_1_27' title="bbox 526 4995 2168 5104; baseline 0.009 -40"><span class='ocrx_word' id='word_1_261' title='bbox 526 4995 672 5066; x_wconf 88' lang='lat' dir='ltr'>ciditate</span> <span class='ocrx_word' id='word_1_262' title='bbox 698 5013 816 5068; x_wconf 89' lang='lat' dir='ltr'>careat</span> <span class='ocrx_word' id='word_1_263' title='bbox 838 4996 960 5082; x_wconf 78' lang='lat' dir='ltr'>omui3</span> <span class='ocrx_word' id='word_1_264' title='bbox 989 4999 1096 5098; x_wconf 89' lang='lat' dir='ltr'>saepe</span> <span class='ocrx_word' id='word_1_265' title='bbox 1125 5007 1222 5076; x_wconf 91' lang='lat' dir='ltr'>enim</span> <span class='ocrx_word' id='word_1_266' title='bbox 1251 5029 1427 5101; x_wconf 87' lang='lat' dir='ltr'>opacam,</span> <span class='ocrx_word' id='word_1_267' title='bbox 1457 5029 1549 5104; x_wconf 89' lang='lat' dir='ltr'>quae</span> <span class='ocrx_word' id='word_1_268' title='bbox 1582 5005 1670 5076; x_wconf 89' lang='lat' dir='ltr'>lucis</span> <span class='ocrx_word' id='word_1_269' title='bbox 1692 5003 1797 5076; x_wconf 83' lang='lat' dir='ltr'>radiis</span> <span class='ocrx_word' id='word_1_270' title='bbox 1825 5006 2005 5099; x_wconf 90' lang='lat' dir='ltr'>impervia</span> <span class='ocrx_word' id='word_1_271' title='bbox 2029 5003 2168 5098; x_wconf 80' lang='lat' dir='ltr'>prorsus</span> 
     </span>
     <span class='ocr_line' id='line_1_28' title="bbox 526 5139 2168 5246; baseline 0.006 -36"><span class='ocrx_word' id='word_1_272' title='bbox 526 5139 614 5226; x_wconf 84' lang='lat' dir='ltr'>fuit,</span> <span class='ocrx_word' id='word_1_273' title='bbox 631 5163 718 5235; x_wconf 91' lang='lat' dir='ltr'>prae</span> <span class='ocrx_word' id='word_1_274' title='bbox 741 5141 906 5214; x_wconf 84' lang='lat' dir='ltr'>manibus</span> <span class='ocrx_word' id='word_1_275' title='bbox 922 5141 1053 5232; x_wconf 88' lang='lat' dir='ltr'>habui,</span> <span class='ocrx_word' id='word_1_276' title='bbox 1072 5150 1132 5219; x_wconf 82' lang='lat' dir='ltr'>ets</span> <span class='ocrx_word' id='word_1_277' title='bbox 1149 5148 1300 5245; x_wconf 88' lang='lat' dir='ltr'>saepius,</span> <span class='ocrx_word' id='word_1_278' title='bbox 1318 5154 1393 5224; x_wconf 87' lang='lat' dir='ltr'>imo</span> <span class='ocrx_word' id='word_1_279' title='bbox 1417 5152 1651 5246; x_wconf 90' lang='lat' dir='ltr'>plerumque,</span> <span class='ocrx_word' id='word_1_280' title='bbox 1672 5151 1708 5218; x_wconf 91' lang='lat' dir='ltr'>iu</span> <span class='ocrx_word' id='word_1_281' title='bbox 1736 5151 1892 5244; x_wconf 90' lang='lat' dir='ltr'>quovis,</span> <span class='ocrx_word' id='word_1_282' title='bbox 1920 5149 1992 5221; x_wconf 86' lang='lat' dir='ltr'>five</span> <span class='ocrx_word' id='word_1_283' title='bbox 2015 5146 2168 5220; x_wconf 75' lang='lat' dir='ltr'>crassitu-</span> 
     </span>
     <span class='ocr_line' id='line_1_29' title="bbox 530 5283 2168 5390; baseline 0.007 -37"><span class='ocrx_word' id='word_1_284' title='bbox 530 5283 644 5368; x_wconf 87' lang='lat' dir='ltr'>dinis,</span> <span class='ocrx_word' id='word_1_285' title='bbox 670 5284 742 5356; x_wconf 84' lang='lat' dir='ltr'>srve</span> <span class='ocrx_word' id='word_1_286' title='bbox 761 5285 967 5362; x_wconf 85' lang='lat' dir='ltr'>subtilitatis</span> <span class='ocrx_word' id='word_1_287' title='bbox 985 5292 1101 5390; x_wconf 85' lang='lat' dir='ltr'>gradu</span> <span class='ocrx_word' id='word_1_288' title='bbox 1122 5293 1360 5387; x_wconf 87' lang='lat' dir='ltr'>pellucidam,</span> <span class='ocrx_word' id='word_1_289' title='bbox 1392 5292 1634 5389; x_wconf 87' lang='lat' dir='ltr'>diaphanam,</span> <span class='ocrx_word' id='word_1_290' title='bbox 1659 5310 1721 5366; x_wconf 89' lang='lat' dir='ltr'>aut</span> <span class='ocrx_word' id='word_1_291' title='bbox 1750 5294 1796 5364; x_wconf 90' lang='lat' dir='ltr'>ad</span> <span class='ocrx_word' id='word_1_292' title='bbox 1823 5293 1976 5366; x_wconf 89' lang='lat' dir='ltr'>laterum</span> <span class='ocrx_word' id='word_1_293' title='bbox 2003 5311 2168 5366; x_wconf 80' lang='lat' dir='ltr'>extrema</span> 
     </span>
     <span class='ocr_line' id='line_1_30' title="bbox 531 5417 2167 5534; baseline 0.007 -37"><span class='ocrx_word' id='word_1_294' title='bbox 531 5424 817 5524; x_wconf 82' lang='lat' dir='ltr'>subdiaplranam</span> <span class='ocrx_word' id='word_1_295' title='bbox 834 5430 971 5510; x_wconf 88' lang='lat' dir='ltr'>saltem.</span> <span class='ocrx_word' id='word_1_296' title='bbox 999 5436 1124 5534; x_wconf 85' lang='lat' dir='ltr'>Atque</span> <span class='ocrx_word' id='word_1_297' title='bbox 1141 5439 1347 5513; x_wconf 88' lang='lat' dir='ltr'>illudetiam</span> <span class='ocrx_word' id='word_1_298' title='bbox 1367 5441 1401 5512; x_wconf 90' lang='lat' dir='ltr'>in</span> <span class='ocrx_word' id='word_1_299' title='bbox 1420 5443 1648 5512; x_wconf 86' lang='lat' dir='ltr'>cavarietate</span> <span class='ocrx_word' id='word_1_300' title='bbox 1665 5465 1792 5512; x_wconf 87' lang='lat' dir='ltr'>verum</span> <span class='ocrx_word' id='word_1_301' title='bbox 1813 5437 1891 5530; x_wconf 88' lang='lat' dir='ltr'>else,</span> <span class='ocrx_word' id='word_1_302' title='bbox 1910 5417 2058 5534; x_wconf 87' lang='lat' dir='ltr'>propria</span> <span class='ocrx_word' id='word_1_303' title='bbox 2077 5433 2167 5510; x_wconf 90' lang='lat' dir='ltr'>didi-</span> 
     </span>
    </p>
   </div>
   <div class='ocr_carea' id='block_1_8' title="bbox 0 0 2639 6609">
    <p class='ocr_par' dir='ltr' id='par_1_9' title="bbox 0 0 2639 6609">
     <span class='ocr_line' id='line_1_31' title="bbox 0 0 2639 6609; baseline 0 0"><span class='ocrx_word' id='word_1_304' title='bbox 0 0 2639 6609; x_wconf 95' lang='lat' dir='ltr'> </span> 
     </span>
    </p>
   </div>
  </div>
 </body>
</html>
