5209 6609
1245 1081 1301 1185 V

430 1275 1013 1449 'Plumbumspattffum
1041 1311 1281 1416 citrinum
1305 1298 1618 1452 lamelltffum
1631 1290 1654 1429 ‚¹
1673 1295 2093 1458 lamelliafimpli-
2144 1357 2148 1364 ’

506 1564 549 1582 ..
599 1493 753 1596 cibus:
773 1495 1046 1632 quadratis
1083 1496 1411 1631 infidentium
1458 1498 1812 1638 ertfiaespati
1851 1503 2093 1620 calcanei,

596 1677 1001 1824 pariim'drrfiei
1015 1681 1553 1817 haimim-notium,
1571 1685 1769 1824 partim
1793 1685 2091 1823 crystallini,

467 1903 471 1911 ⁴
601 1861 846 1998 crystallis
861 1832 1188 1968 dodecni'drn
1204 1869 1443 2005 utrinque
1451 1851 1809 2008 pyranzidatis.

510 2143 750 2253 Bleybergae
761 2145 965 2256 exfodina
981 2157 1101 2231 ueteri
1121 2149 1254 2227 Sancti
1271 2151 1460 2228 Mathoni.

458 2373 632 2516 obtegit
657 2419 856 2493 calcareum
881 2419 1006 2493 album
1030 2419 1305 2495 cinerasceutem
1332 2421 1560 2520 aequabilem
1589 2421 1755 2519 lapidem
1780 2426 1887 2496 erulla
1916 2391 2097 2500 bracteata
2188 2461 2194 2466 ·

462 2567 648 2651 ealeeteo·
657 2563 801 2660 spatula
824 2561 956 2656 drufiea
972 2563 1182 2661 botrytico·
1192 2566 1386 2656 nodulosar
1406 2592 1451 2645 ert
1476 2567 1647 2664 hyalino·
1660 2567 1801 2660 albida,
1811 2571 1928 2668 p-lus
1927 2576 2094 2645 minusve

468 2707 677 2832 pellucidq,
705 2708 826 2840 saepe
830 2709 950 2794 saltim
975 2710 1159 2840 diaphana
1172 2709 1313 2841 sacbari
1331 2675 1502 2836 crpsallis
1496 2714 1542 2783 ati
1562 2713 1608 2784 ad
1616 2713 1730 2798 inllar,
1748 2717 1903 2800 mirans·
1924 2739 1972 2791 ex
1992 2732 2093 2810 parte

460 2824 725 2929 etiamrubro
748 2857 950 2926 aurantraca
970 2872 1007 2926 et
1033 2878 1148 2985 opaca
1173 2881 1218 2928 ex
1219 2863 1395 2967 marga
1385 2826 1561 2943 martiali,
1583 2881 1676 2952 quae
1696 2858 1807 2929 fluida
1829 2843 2036 2954 quondam,
2055 2883 2097 2931 ac

461 3000 570 3096 super
597 2999 697 3070 illam
724 2997 905 3085 defluens,
929 2998 992 3070 suo
1015 3001 1170 3072 eandem
1196 2977 1405 3096 inquinavit
1433 2970 1566 3074 ¹colore
1584 2999 1812 3088 Nodutotae,
1832 3017 1901 3074 aut
1920 3001 1941 3072 li
1958 3007 2096 3090 mavia,

465 3141 700 3242 glandulosae
721 3143 805 3213 illae
822 3144 1040 3216 eminentiae
1060 3161 1122 3216 aut
1143 3144 1239 3241 ipsae
1259 3143 1391 3216 rursum
1412 3137 1570 3216 minimis
1586 3145 1745 3244 undique
1761 3144 1950 3216 tuberculis
1968 3147 2098 3219 micro·

460 3289 632 3384 seoplcis',
662 3286 864 3357 rotundatis
873 3288 898 3373 ,’·
926 3303 989 3358 ant
1003 3275 1445 3384 eerte²erfflullalsrs³=spatosre
1465 3280 1666 3375 aeatdibt'rs’,
1680 3286 1869 3386 'perquam
1888 3271 2029 3386 'exiguis
2044 3307 2096 3363 te·

461 3447 540 3504 tra·
551 3447 613 3500 aut
628 3427 846 3526 hexagono·
864 3433 1101 3526 pyramidatis
1113 3419 1430 3516 munitataesunt,
1439 3417 1908 3530 gemmulamrrr'ertifiotote
1923 3432 2097 3514 formata·

462 3599 540 3646 rum
557 3573 713 3669 speciem
736 3575 941 3645 reserentes.
969 3574 1120 3670 Sparsae
1147 3599 1213 3671 per
1231 3577 1378 3648 cunilam
1398 3574 1490 3646 hanc
1508 3575 1642 3661 talem,
1666 3577 1800 3672 quovis
1824 3573 1859 3644 in
1886 3573 1971 3663 srtu,
1992 3577 2091 3650 incli-

460 3721 609 3791 natione
627 3717 898 3813 directioneque
915 3717 993 3790 sunt
1010 3719 1227 3816 quadratae,
1245 3717 1306 3790 sed
1324 3721 1572 3816 magnitudine
1593 3717 1795 3792 disserentes
1812 3717 1953 3813 plumbi
1970 3717 2096 3816 sputoli

466 3851 951 3958 semipellucidaefnitentes
966 3863 989 3945 ,²
1004 3854 1268 3937 ei'trini'coldrle
1287 3839 1484 3944 lamellae,
1496 3855 1537 3932 ac'
1555 3858 1642 3933 ’burn
1666 3863 1735 3932 illia'
1757 3862 1996 3955 interpolatae
2020 3848 2098 3936 ma·

456 4007 621 4098 ‘jue'eulae
640 4007 808 4102 c'ryllalll,
831 4007 973 4100 pariter'
986 3983 1372 4104 iatcarea·3tpa'tt›t'ae,
1389 4005 1667 4078 bonnontaliter
1693 4003 1959 4091 incumbentes,
1982 4005 2097 4078 dode·

466 4154 637 4239 caedrae,
655 4149 873 4254 byodontis,
895 4148 953 4221 seu
970 4151 1134 4223 dentium
1152 4155 1230 4248 apri
1248 4145 1407 4222 soonam
1426 4151 1638 4236 reserentes,
1660 4173 1704 4221 ex
1722 4147 1969 4244 pyramidibus
1989 4149 2094 4238 binle,

461 4293 683 4393 hexagonia,
706 4293 846 4367 balbus
877 4293 1016 4391 absque
1043 4296 1258 4368 intermedio
1285 4295 1455 4391 prismate
1488 4294 1648 4374 coalitia,
1679 4293 1918 4387 compositae,
1942 4303 2095 4390 quarum

461 4441 641 4537 triangula
667 4437 855 4525 lateralia,
874 4461 956 4510 cum
978 4441 1388 4536 aequiangulaminime
1412 4435 1498 4524 fint,
1523 4433 1582 4511 sed
1603 4435 1762 4518 scalena,
1784 4439 1895 4508 etiam
1919 4441 2097 4562 magnitu-

456 4581 750 4668 dinedilserant,
776 4580 911 4668 necesse
931 4583 990 4654 eli.
1000 4581 1154 4656 Memini
1172 4599 1317 4668 autem,
1326 4599 1391 4652 me
1413 4584 1446 4651 in
1469 4578 1787 4676 Bleybergeusrbns
1810 4581 1941 4652 fodinis
1960 4554 2098 4678 eryllal·

463 4729 536 4802 loe
546 4726 611 4798 hae
631 4723 832 4821 hyodontis
861 4727 979 4797 forma
1003 4724 1176 4821 persaepe
1200 4725 1320 4801 vidisse
1346 4723 1546 4798 admodum
1567 4726 1774 4807 variantes3
1799 4729 1982 4796 maximae
2006 4748 2097 4798 ιιοιι-

465 4893 668 4970 numquam
697 4885 821 4957 erant,
848 4869 938 4940 alias
964 4870 1144 4959 minores,
1167 4892 1261 4942 nunc
1288 4871 1413 4958 albae,
1441 4891 1578 4965 opacae
1605 4873 1780 4956 nitentes,
1804 4869 2034 4965 laevigatae,
2060 4885 2097 4942 et

464 5007 568 5089 vesut
592 5018 745 5112 pingues
772 5014 1038 5110 attaetu,'quail
1063 5013 1147 5084 oleo
1164 5017 1354 5100 monetae,
1373 5017 1459 5086 alias
1483 5015 1565 5108 plue
1591 5015 1757 5084 minusve
1781 5011 1969 5108 hyalinae,
1985 5028 2096 5086 trans-

465 5175 654 5254 ponentes,
672 5162 750 5230 imo
771 5157 978 5246 echinatae,
1000 5181 1152 5256 quarum
1178 5157 1285 5254 plana
1309 5159 1471 5230 lateralia
1492 5153 1645 5254 squamis
1667 5156 1875 5242 imbricata,
1897 5178 1982 5230 orae
2005 5179 2095 5228 veru

465 5301 637 5376 sealarmn
661 5303 762 5375 inllar
786 5301 913 5374 incisae
931 5301 1023 5374 lum.
1038 5301 1221 5375 Structura
1246 5303 1386 5376 interna
1402 5299 1545 5396 semper
1564 5301 1768 5386 lamellata,
1788 5299 1848 5372 etll
1868 5299 2020 5372 lamellis
2048 5301 2097 5370 ita

466 5447 626 5534 coalitis,
643 5463 684 5520 ut
700 5445 848 5546 vesligia
865 5469 990 5521 earum
1004 5465 1109 5520 extus
1126 5447 1247 5545 detegi
1263 5444 1409 5543 possent
1425 5445 1523 5519 nulla
1532 5497 1544 5535 ,
1564 5445 1626 5518 nisr
1639 5443 1897 5543 frangerentur.
1920 5439 2096 5515 Omnirun
