5209 6609
535 878 588 946 32
1204 843 1601 923 ξ

536 1061 739 1158 Speculum
756 1065 987 1158 comprimo,
999 1086 1111 1159 qaam
1133 1059 1183 1132 ob
1198 1066 1354 1155 panium
1372 1065 1668 1160 aequabilitatem
1689 1065 1973 1163 deustatemque
1992 1067 2166 1140 sufficien-

536 1229 611 1283 tem
627 1207 785 1304 suscipit,
801 1211 978 1304 politura,
997 1226 1035 1282 et
1058 1233 1131 1304 qua
1150 1209 1393 1279 marmoribus
1416 1207 1659 1280 unicoloribus
1687 1207 1857 1282 Wullem'r'
1881 1237 1958 1284 uon
1981 1215 2166 1290 immerito

535 1355 827 1430 auaonteuudas
857 1355 928 1438 cli3
960 1373 1039 1428 tum
1073 1357 1255 1448 picturae,
1283 1377 1374 1449 quar
1407 1355 1622 1425 dendriticar
1654 1371 1811 1442 vocant,
1843 1359 1988 1454 nigrae,
2019 1356 2167 1429 smculir

531 1493 854 1606 hspaiprolrserc',
869 1511 937 1575 aut
947 1495 1108 1571 abietiar'
1118 1493 1284 1570 Idumaei
1292 1503 1335 1588 (a
1348 1493 1517 1570 Dilleat'o
1529 1515 1565 1569 et
1582 1497 1626 1572 V
1620 1497 1799 1572 αι’ἰὶαηιίο
1813 1504 1953 1594 optime
1962 1501 2165 1592 damari),

533 1671 645 1746 qtram
674 1646 900 1730 simillimam
929 1669 1019 1742 qum
1042 1669 1117 1714 ann
1141 1661 1218 1714 tam
1246 1643 1341 1713 serto
1370 1667 1452 1712 cum
1481 1639 1748 1746 Carllteusero,
1770 1670 1881 1742 quam
1912 1645 2100 1742 Magnesia
2122 1645 2165 1717 S.

533 1788 746 1889 fuliginosac
770 1791 976 1888 Magnesiae
1011 1785 1181 1860 Wullcrit‘
1206 1791 1326 1882 potius
1354 1785 1602 1860 adscribendas
1629 1787 1697 1861 else
1721 1789 1813 1862 iusra
1837 1788 2003 1860 ostensuri
2030 1789 2165 1862 samue

534 1935 650 2033 Supra
668 1941 746 2026 jam
764 1939 892 2008 monui
905 1933 1108 2006 Dominum
1125 1933 1171 2004 de
1188 1931 1361 2004 Haasladt
1377 1929 1469 2003 hauc
1486 1957 1605 2004 meam
1627 1933 1855 2028 probabilem
1872 1933 2085 2005 sententiam
2104 1937 2167 2008 eir.

532 2084 743 2180 perimentia
763 2079 854 2170 suia,
869 2103 964 2178 quae
987 2103 1069 2151 cum
1088 2095 1185 2151 cteta
1208 2078 1375 2162 insiluit,
1403 2077 1437 2146 in
1461 2077 1591 2174 quibus
1619 2095 1742 2148 autem
1766 2081 1950 2152 manifesse
1976 2082 2055 2175 plus
2082 2081 2166 2153 serti

533 2254 644 2327 ‹prram
665 2225 834 2325 magnesri
854 2225 1058 2297 admixtum
1078 2239 1172 2308 erat,
1192 2221 1383 2294 refutatam
1404 2219 1629 2294 existimasse.
1660 2224 1762 2293 Alius
1782 2226 1838 2294 vir
1853 2225 1980 2294 doctus
2000 2225 2165 2323 mihique

533 2369 780 2460 amicissimus,
810 2371 998 2468 poslquam
1018 2391 1140 2440 meam
1160 2367 1207 2438 de
1230 2365 1381 2462 plumbo
1404 2365 1544 2461 spatoso
1564 2369 1675 2438 latine
1701 2365 1935 2462 conscriptam
1956 2367 2166 2444 dissertatio·

531 2543 617 2594 nem
646 2520 802 2616 legerat,
828 2523 912 2606 '¹7⁰²'
928 2513 1141 2586 Decembris
1165 2519 1249 2584 antri
1281 2511 1386 2606 elapsi
1414 2509 1502 2583 haec
1529 2511 1576 2583 ad
1609 2537 1669 2583 me
1703 2511 1915 2606 perscripsit:
1952 2513 2167 2590 Dcadritur

532 2663 707 2742 culcurco
727 2654 933 2760 instrlcatcr
945 2655 1108 2762 saepius
1127 2653 1329 2758 exploravi
1343 2638 1347 2646 ’
1360 2659 1471 2759 (prtia
1493 2669 1620 2729 tumea
1647 2653 1727 2758 ipsa
1751 2661 2016 2758 experimenta
2042 2657 2166 2734 addu-

533 2814 616 2901 cul)
640 2824 762 2912 mque
787 2818 954 2910 uapuum
973 2795 1204 2904 magnesiam
1225 2802 1276 2872 iis
1295 2797 1407 2902 lapse
1422 2803 1570 2885 saecum
1597 2777 1646 2874 dc
1662 2797 2046 2904 Hutcenbergenfibus
2065 2807 2169 2908 epui-

534 2953 621 3034 dem
642 2973 722 3029 nou
736 2951 974 3052 negauerim,
992 2961 1035 3022 ut
1053 2945 1102 3022 de
1115 2941 1384 3052 nostrujaxca
1399 2948 1667 3048 experimento
1679 2968 1768 3020 meo
1780 2935 2056 3046 ualdecsubito.
2071 2945 2169 3024 Mic·
2223 2921 2230 2931 ⁸

535 3114 576 3178 lo
593 3095 665 3176 tisri
681 3097 855 3202 ulspuus,
875 3107 916 3168 ul
935 3089 1011 3197 ilfi'
1027 3089 1076 3166 de
1092 3085 1498 3194 illirjudt'citimsercts.
1536 3090 1627 3161 Mox
1646 3094 1767 3188 itaque
1785 3118 1865 3164 curu
1888 3093 1957 3164 hoc
1975 3093 2167 3185 Calcareo,

536 3249 597 3347 qui
614 3245 777 3344 plurimit
796 3239 967 3316 dcadtitit
987 3237 1137 3326 obsunt,
1162 3255 1270 3335 atque
1288 3233 1363 3332 ipsa
1383 3233 1500 3308 adhuc
1521 3237 1669 3308 materie
1689 3240 1751 3324 (an
1775 3235 1928 3326 serram,
1942 3261 2002 3310 aa
2019 3255 2169 3337 magne·

536 3389 693 3476 littmlit,
713 3385 877 3460 noudum
895 3383 1066 3474 dixerim)
1085 3381 1245 3480 pluribus
1267 3385 1303 3453 ia
1321 3384 1421 3470 locis,
1442 3381 1590 3452 maculis
1606 3377 1777 3452 latissimis
1791 3383 2054 3480 irregularibus,
2075 3390 2169 3481 quad

534 3533 582 3610 ab
601 3548 807 3610 atramento
826 3527 954 3604 diffuso
972 3527 1149 3602 obductus
1167 3543 1263 3615 erat,
1286 3529 1538 3624 experimenta
1558 3526 1700 3598 insilui.
1728 3526 1906 3622 Repetitis
1927 3521 2170 3602 vtetuiecal-

536 3701 664 3768 eareo,
684 3701 756 3780 qua
782 3690 884 3774 parte
906 3672 1068 3771 plurimis
1091 3671 1264 3746 dendritis
1289 3671 1420 3744 oblitus
1442 3689 1540 3756 erat,
1557 3671 1739 3742 srrtllulum
1761 3667 1901 3743 boracis
1924 3672 2100 3768 imposui,
2118 3691 2171 3748 at-

535 3847 606 3928 epte
633 3821 814 3898 ruediaute
841 3819 950 3892 lilledo
977 3819 1265 3892 serrumiuatoria
1288 3815 1459 3888 flammae
1481 3813 1664 3910 cuspidem
1689 3817 1846 3912 adplicui
1870 3835 2003 3905 ,cautu
2022 3836 2167 3908 -tameu,

535 3985 573 4046 trt
590 3967 701 4043 botua
725 3968 881 4065 superine
903 3963 1149 4052 intumescens,
1169 3947 1314 4034 inseriae
1333 3977 1455 4033 autern
1473 3959 1567 4032 susus
1585 3955 1689 4055 super
1710 3961 1800 4056 ipsas
1823 3955 2005 4033 deadritat
2027 3959 2169 4036 dllslue·

538 4130 610 4204 tet,
632 4133 766 4212 cattpu
791 4132 860 4184 uua
885 4109 976 4182 sustu
1000 4101 1217 4180 absorberet.
1243 4105 1364 4178 Borax
1386 4105 1534 4180 taudem
1553 4108 1587 4174 in
1609 4087 1830 4200 pellucidum
1851 4103 2072 4201 sphaericum
2092 4129 2168 4205 cry-

537 4258 623 4338 ttallt
644 4277 752 4358 patae
776 4256 879 4330 ittllar
903 4257 1035 4328 ultrum
1063 4249 1299 4336 illudebatur,
1320 4251 1355 4320 ia
1378 4273 1474 4347 quo,
1498 4251 1518 4320 ll
1540 4249 1616 4321 ida
1644 4251 1754 4322 latere
1779 4249 2003 4344 insp'exeras,
2025 4255 2163 4351 aliquid

538 4399 759 4506 ltpatlutlrlul
791 4399 919 4474 talntlt
944 4397 1164 4498 apparebat,
1193 4412 1230 4470 at
1250 4397 1299 4466 ita
1321 4395 1503 4466 modicum
1526 4393 1716 4479 hocerat,
1747 4411 1788 4465 ut
1802 4396 1941 4470 nullam
1959 4397 2042 4468 inde
2062 4395 2168 4492 pollis

538 4560 790 4645 nrprtrtreauau
813 4544 972 4632 duceret·
993 4543 1051 4618 sed
1074 4543 1108 4616 id
1127 4545 1237 4614 etiam
1257 4541 1423 4635 apprime
1443 4539 1653 4611 notandam
1676 4541 1949 4627 eil,.dendritas
1970 4541 2078 4613 hasce
2105 4541 2167 4613 arl-

540 4691 690 4798 tttadupu
716 4708 839 4768 tenum
866 4687 953 4781 esse,
980 4705 1090 4789 atrpre
1113 4687 1273 4760 calcareo
1294 4683 1469 4758 levissime
1495 4683 1856 4782 superimpositas,ut
1875 4688 1988 4755 caluo
2011 4685 2045 4756 se
2065 4685 2167 4757 abra-

541 4840 576 4918 dl
601 4861 673 4914 utut
702 4837 830 4922 struat,
859 4829 1046 4910 ttuttillltnl
1075 4832 1236 4930 pulveris
1261 4831 1379 4902 sortaa
1402 4833 1555 4902 minimo
1583 4827 1707 4900 afflatu
1729 4853 1816 4900 mox
1841 4831 2044 4902 avolantes.
2065 4829 2166 4902 ldem

541 4983 778 5086 experimenti
803 4978 946 5056 allectat
968 4975 1245 5064 observabatur,
1274 4997 1354 5048 uua
1378 4973 1497 5048 borae-l
1522 4973 1706 5047 stuliulum
1731 4974 2166 5074 carbonisadjuagerem,

543 5131 700 5222 tlsttrtu,
719 5147 804 5202 ttttut
816 5125 882 5202 ulia
895 5121 1061 5224 pltlopilli
1076 5121 1230 5220 poledae
1245 5117 1327 5194 esset
1337 5145 1347 5204 ς
1374 5117 1539 5192 sedidem
1553 5118 1709 5192 effectus.
1724 5115 1845 5192 Carbo
1858 5123 1892 5190 ia
1914 5121 2009 5191 vitro
2026 5121 2164 5192 boracit

544 5279 661 5352 omui·
680 5269 921 5367 aledramnum,
951 5265 1103 5364 patrato
1124 5269 1200 5366 ipse
1222 5261 1426 5364 pellucido,
1456 5267 1626 5338 excolere
1648 5281 1903 5363 permanente,
1929 5261 2165 5336 modicillimo

545 5421 665 5497 tolete
686 5411 919 5516 ltpaclutlriuu
938 5415 972 5486 iu
995 5409 1175 5506 lltpetllcle
1196 5411 1307 5484 tlueto
1318 5461 1328 5498 ,
1357 5429 1431 5480 uoa
1447 5409 1507 5482 uisr
1527 5435 1549 5482 a
1567 5413 1702 5498 latere,
1731 5427 1769 5482 et
1788 5433 1894 5508 aegre
1913 5409 2061 5508 quidem
2079 5433 2164 5482 cou-
