5209 6609
1017 885 1416 975 μ
1985 917 2030 1010 ts

406 1088 506 1178 priae
525 1087 611 1157 sunt.
638 1086 736 1175 Hae,
755 1105 896 1186 praeter
910 1089 1095 1163 laevorem
1113 1095 1339 1187 nitoremque
1358 1115 1437 1162 cum
1457 1093 1599 1187 reliquis
1619 1091 1849 1163 varietatibus
1872 1114 2033 1162 commu-

357 1202 363 1214 ⁹
408 1206 512 1312 nem,
538 1241 689 1299 terream
713 1229 793 1301 sere
811 1232 1077 1326 potius,quam
1107 1234 1258 1303 vitream
1278 1253 1365 1324 prae
1382 1227 1415 1300 se
1437 1231 1554 1302 serunt
1573 1247 1609 1302 et
1629 1227 1903 1316 confidentiam,
1930 1244 1965 1301 et
1980 1229 2033 1300 sa·

407 1364 510 1434 ciem.
537 1361 679 1438 Graves
701 1365 780 1439 sum
801 1383 838 1439 et
853 1363 1090 1440 cralliusculae
1102 1423 1114 1457 ,
1135 1394 1292 1465 opacae,
1310 1369 1557 1465 magnitudine
1579 1384 1618 1440 'et
1638 1370 1749 1464 ligura
1765 1392 1940 1464 perquam
1961 1365 2032 1438 sae-

407 1525 454 1596 pe
479 1502 702 1591 disserentes,
729 1505 826 1575 nulla
854 1521 975 1576 autem
1001 1502 1451 1604 certa'determinataque;
1480 1507 1611 1602 planae
1639 1521 1761 1578 tamen
1790 1521 1826 1576 et
1853 1504 2032 1600 superficie

406 1661 521 1734 aeque
538 1643 653 1736 polita
670 1666 711 1712 ac
728 1646 883 1726 nitente;
911 1645 1041 1714 coloris
1058 1643 1218 1731 ejusdem
1235 1629 1374 1739 semper
1390 1645 1500 1716 diluta
1527 1642 1702 1717 ochraceo
1715 1687 1728 1702 -
1740 1643 1907 1715 flaventis
1930 1645 2033 1741 argil-

270 1799 284 1814 “·
405 1783 461 1853 lae
480 1779 598 1850 flavae
614 1780 744 1852 sutilis.
777 1779 817 1850 ld
836 1766 1021 1875 praeterea
1038 1781 1128 1853 haec
1142 1779 1283 1877 plumbi
1303 1780 1428 1877 spatofi
1447 1785 1602 1854 varietas
1621 1781 1809 1879 iugulare,
1831 1798 1892 1852 aut
1912 1786 2034 1878 potius

405 1915 718 2021 cisaracteriilieum
733 1916 862 2004 habet,
881 1919 980 2015 quod
996 1920 1131 2014 duplici
1148 1920 1311 1992 structura
1330 1921 1497 2017 gaudeat.
1532 1921 1682 1992 Interior
1701 1917 1865 1992 structura
1888 1920 2033 1992 cellulo-

406 2061 458 2143 sa3
472 2058 628 2128 laminae
644 2052 771 2125 scilicet
788 2057 1074 2152 quaquaversum
1090 2056 1236 2157 sparsae,
1258 2059 1458 2152 inordinate
1477 2057 1673 2154 congellae,
1689 2073 1815 2128 mutuo
1833 2057 1901 2128 fibi
1913 2083 2038 2142 occur<

404 2213 541 2280 rentes,
565 2191 704 2288 seseque
722 2193 1000 2284 interculsantes‚
1027 2191 1101 2266 imo
1121 2196 1232 2292 ipsum
1256 2195 1408 2267 solidum
1436 2197 1596 2291 lapidem
1621 2214 1773 2269 matrem
1792 2213 2033 2281 transeuntes3

403 2335 489 2408 bine
504 2329 608 2411 series
621 2331 828 2402 cellularum
844 2331 1014 2430 exsurgit,
1035 2320 1193 2430 'quarum
1213 2337 1303 2407 aliae
1323 2338 1481 2406 interiori
1507 2335 1654 2408 calcarei
1683 2335 1847 2408 llruetura
1873 2337 2033 2408 recondi-

404 2493 466 2546 tae
484 2471 557 2544 hoc
573 2470 648 2567 ipso
667 2471 788 2566 lapide
806 2471 965 2566 repletae
984 2471 1262 2568 conspiciuntur,
1281 2477 1438 2571 reliquae
1457 2501 1547 2548 vero
1565 2478 1655 2547 inter
1672 2477 1889 2548 exteriorem
1907 2475 2033 2546 lamel-

403 2616 519 2686 larum
534 2612 736 2684 structuram
755 2627 791 2682 et
806 2609 967 2706 lapidem
986 2613 1182 2690 calcareum
1200 2612 1403 2700 conclusae,
1424 2611 1581 2685 oculose
1599 2612 1814 2700 subducunt,
1843 2631 1878 2686 et
1896 2639 2033 2694 vacuae

402 2753 491 2826 sunt.
518 2750 699 2824 Structura
716 2765 863 2823 externa
880 2750 1079 2822 admodum
1098 2752 1314 2848 inaequalis,
1341 2751 1560 2822 variantibus
1583 2755 1673 2824 inter
1698 2749 1731 2823 se
1759 2723 2035 2840 securitatibus]

404 2893 620 2987 alternisque
639 2890 805 2963 vallibus.
838 2889 966 2958 Rarius
983 2886 1215 2958 observantur
1233 2889 1400 2960 lamellae
1416 2890 1608 2986 simplices,
1634 2905 1793 2977 erectae,
1818 2890 1970 2977 liberae,
1998 2908 2034 2962 et

403 3033 555 3130 regulari
574 3029 763 3128 praeditae·
781 3029 911 3124 ligura,
939 3040 978 3100 ut
1002 3028 1197 3122 plurimum
1224 3011 1510 3123 quaquaversum
1537 3026 1690 3123 sparsae,
1723 3028 1923 3100 inordinate
1950 3051 2034 3100 con·

404 3169 538 3267 geilae,
564 3169 738 3272 nulloque
765 3166 891 3239 ordine
910 3169 945 3234 iu
963 3168 1072 3260 plana
1098 3163 1311 3261 assurgentes
1329 3167 1494 3235 inclinata
1515 3183 1643 3238 mutuo
1661 3167 1719 3238 libi
1738 3169 1895 3263 undique
1914 3191 2037 3240 occur·

402 3323 533 3396 rentes,
551 3306 691 3404 seseque
707 3303 969 3378 intercussantes
988 3320 1128 3389 mutuo,
1146 3301 1269 3398 pallim
1288 3307 1398 3374 etiam
1416 3306 1857 3399 triquetro-conniventes
1876 3311 1910 3378 in
1928 3331 2036 3402 pyra·

299 3467 303 3474 '
401 3447 541 3519 midem
558 3447 746 3528 triedram,
766 3447 818 3514 uri
843 3446 937 3513 mica
958 3440 1159 3536 cryslallina'
1175 3440 1355 3524 Zirtnuei,
1382 3443 1496 3512 autin
1519 3464 1749 3514 communem
1777 3443 1932 3540 denique
1953 3449 2033 3516 coni

404 3578 517 3644 aciem
538 3563 808 3668 convergemes
841 3565 900 3639 Ex
925 3572 1014 3639 areis
1047 3561 1178 3671 Trqsen
1202 3561 1251 3635 ad
1279 3565 1464 3637 Comitem
1487 3567 1532 3639 de
1553 3564 1652 3638 Goes
1671 3571 1882 3664 pertinentis
1900 3573 2033 3643 vicinia

403 3701 496 3793 lapis
524 3695 614 3772 mihi
634 3697 681 3768 eli
699 3697 876 3768 calcareus
898 3692 1186 3788 'semipellucidus
1206 3693 1453 3786 margaritacei
1472 3692 1602 3765 coloris
1624 3695 1805 3787 particulis
1825 3693 2034 3783 majusculis,

403 3837 460 3910 sen
480 3833 658 3930 Spathum
677 3857 885 3906 arenareum
902 3832 1066 3903 Wallerii
1086 3827 1287 3924 (Spatbum
1308 3828 1490 3902 eonsusum
1510 3829 1636 3921 L'inn.)
1649 3837 1667 3920 ,'
1680 3855 1787 3927 quem
1807 3835 1927 3920 toties,
1944 3857 2035 3928 quo·

406 3982 472 4050 ries
489 3999 573 4051 eum
592 3973 841 4068 contemplor,
865 3969 959 4041 hanc
979 3969 1119 4065 plumbi
1141 3966 1267 4062 spatosr
1291 3971 1507 4042 varietatem
1531 3969 1597 4042 effe
1614 3971 1688 4044 sere
1705 3969 1794 4041 mibi
1819 3971 2033 4066 persuadeo;

405 4133 505 4189 tanta
523 4114 720 4185 'amborum
736 4111 785 4181 ert
803 4109 1014 4195 similitudo,
1039 4107 1202 4178 lamellas
1222 4108 1244 4176 fi
1273 4109 1457 4202 excipias,
1483 4133 1577 4206 quae
1600 4113 1636 4180 in
1655 4109 1724 4182 hac
1741 4111 1857 4180 multo
1879 4113 2032 4196 majores

405 4256 559 4339 brutiis,
583 4275 674 4348 quas
699 4250 758 4321 iste
784 4249 1044 4332 habet.,Haec
1067 4248 1209 4318 laminis
1232 4247 1429 4332 majoribus
1454 4247 1616 4342 praedita
1644 4245 1784 4342 plumbi
1803 4244 1929 4341 spatofi
1947 4248 2033 4320 slavi

404 4392 624 4466 Carintbiaci
638 4394 795 4462 varietas
816 4368 945 4460 eadem
961 4387 1019 4476 esl,
1035 4390 1071 4457 in
1087 4407 1198 4481 quam
1218 4383 1479 4458 celeberrimus
1495 4389 1530 4456 in
1548 4409 1585 4456 re
1603 4360 1847 4458 montanislica
1866 4385 2033 4458 Consilia·

406 4537 475 4604 riua
492 4548 531 4602 et
547 4527 724 4602 Professor
740 4525 950 4634 lacquinins'
961 4543 1019 4598 tot
1035 4529 1217 4625 praeclara
1238 4523 1381 4594 instituit
1398 4527 1664 4618 experimenta,
1682 4547 1776 4620 quae
1792 4548 1924 4622 magna
1945 4522 2033 4597 sem·

408 4696 472 4768 per
490 4693 572 4742 curn
591 4669 783 4761 voluptate
800 4669 837 4735 in
855 4665 1018 4750 ejusdem
1034 4665 1273 4739 Miscellaneis
1293 4663 1481 4736 Aullriacis
1500 4661 1651 4757 quilibet
1672 4663 1779 4760 leget.
1814 4663 1896 4733 Hoc
1925 4663 2033 4757 speci·

407 4814 525 4897 mine,
552 4807 650 4904 quod
668 4801 843 4900 descripsi,
860 4820 897 4876 et
922 4805 958 4872 in
980 4803 1039 4898 fig.
1065 4829 1078 4874 ι
1081 4828 1118 4896 5.
1144 4803 1324 4875 coloribus
1340 4801 1625 4898 repraesentavi,
1643 4802 1727 4872 licet
1745 4799 1962 4896 perpulchro
1979 4817 2033 4872 ta·

408 4971 492 5020 men
512 4945 608 5017 aliud
631 4947 765 5014 interea
782 4945 904 5040 accepi
927 4941 1044 5013 multo
1062 4941 1313 5037 praestantius,
1336 4944 1391 5014 eui
1411 4943 1533 5011 variae
1554 4941 1645 5012 aliae
1663 4943 1738 5027 jam
1755 4937 1967 5035 descriptae,
1997 4957 2033 5012 et

406 5085 590 5180 speciatim
609 5084 777 5155 lamellae
793 5085 829 5151 in
844 5081 903 5178 fig.
919 5095 953 5165 8.
972 5081 1192 5170 delineatae,
1211 5079 1270 5152 sed
1286 5080 1401 5150 multo
1427 5079 1659 5174 exquisitioris
1677 5078 1806 5150 coloris
1823 5077 1930 5168 flavi,
1957 5078 2036 5150 ubi·

409 5247 479 5320 que
496 5221 643 5294 insident
659 5224 862 5295 varietate&
