5209 6609
559 829 611 924 5⁶
1188 823 1562 868 ““““““

470 1063 474 1070 ·
560 1033 691 1132 quibus
715 1051 841 1108 exacte
856 1034 1045 1132 distinguas
1069 1026 1245 1132 sriangnla
1259 1034 1370 1141 plana
1388 1051 1472 1108 octo
1490 1039 1675 1137 aequalia,
1696 1051 1779 1110 octo
1804 1035 1931 1110 itidem
1954 1033 2090 1108 alterna
2109 1050 2179 1107 tra·

559 1183 686 1277 pezia,
706 1196 744 1252 et
761 1177 936 1277 quadrata
954 1179 1027 1251 duo
1051 1181 1216 1276 opposta
1237 1177 1482 1256 remotissima.

1267 1463 1498 1574 XXVII.

546 1750 1128 1897 'Plumbnmspatcfirm
1155 1755 1369 1860 rubrum
1397 1755 1804 1897 crystallssztnm,
1840 1753 2088 1896 crystallus
2116 1757 2188 1858 in-

705 1943 944 2046 ordinate
966 1942 1570 2082 octaedrssstmplicibnr,
1591 2043 1597 2054 ,
1618 1941 1918 2047 conaatnve.
1965 1941 2095 2045 Tab.
2120 1939 2190 2043 X.

617 2219 621 2226 .
707 2128 821 2267 Fzg.
847 2160 872 2228 a
877 2162 926 2261 3.
978 2172 986 2269 j

613 2468 833 2582 Exsodino
851 2470 1087 2551 Holleniona
1108 2478 1150 2552 in
1171 2477 1216 2552 V
1209 2471 1464 2582 elloclterbcrg
1473 2501 1595 2580 prope
1611 2472 1880 2582 Blcybergam.

458 2747 464 2754 ¹
561 2712 673 2846 Non
701 2763 762 2836 nifi
789 2759 1014 2859 sporadicam
1037 2763 1179 2861 plumbi
1198 2765 1327 2862 spatost
1352 2767 1566 2838 varietatem
1590 2765 1751 2838 dicamus
1774 2760 1908 2836 necesse
1932 2763 1980 2836 eis
2004 2760 2198 2858 peculiares

563 2909 631 2984 has
653 2909 845 3006 crystallos.
866 2909 966 2984 Nulli
984 2912 1082 2982 enim
1102 2907 1222 2982 adhuc
1247 2909 1399 2982 adnatas
1419 2911 1579 2998 matrici,
1595 2911 1617 2980 [i
1633 2932 1744 3008 grana
1764 2909 1979 3006 lapillosque
1999 2905 2109 2978 sabuli
2132 2905 2201 2978 cal·

566 3057 660 3128 casei
686 3054 816 3128 iisdem
839 3077 1101 3152 nonnunquam
1124 3053 1361 3128 adhaerentes
1387 3053 1539 3142 demas,
1558 3051 1618 3126 sed
1644 3079 1756 3154 vagas
1773 3054 1915 3148 semper
1938 3053 2144 3126 invenimus
2162 3051 2198 3120 in

565 3223 692 3296 marga
716 3223 762 3270 ex
784 3198 885 3270 flavo
899 3241 914 3258 ·
927 3199 1025 3288 rusa,
1043 3201 1079 3270 in
1096 3197 1222 3270 fodina
1236 3182 1396 3270 Domini
1416 3199 1462 3270 de
1481 3197 1662 3273 Hollenia
1682 3203 1718 3272 in
1739 3195 2202 3294 VeiacherbergVillacum

565 3345 658 3414 inter
681 3357 716 3414 et
740 3339 1005 3444 Bleybergam;
1022 3366 1135 3439 vagas
1153 3344 1302 3440 inquam
1323 3345 1359 3414 in
1381 3343 1499 3415 forma
1523 3346 1755 3442 granulorum
1775 3345 1995 3432 solutorum,
2022 3309 2202 3438 magnitu-

567 3487 651 3558 dine
678 3488 814 3558 circiter
838 3484 979 3558 seminis
1003 3485 1151 3574 hordei,
1172 3509 1307 3583 easque
1329 3478 1407 3561 aut
1416 3487 1586 3561 solitarias
1606 3486 1889 3584 simplicissimas,
1908 3505 1968 3560 aut
1994 3511 2014 3559 e
2041 3481 2201 3579 pluribus

569 3633 732 3705 connatis
751 3631 975 3725 compostas.
993 3628 1146 3719 Forsan,
1175 3630 1257 3702 dico
1273 3630 1414 3722 forsan,
1431 3637 1507 3726 pari
1527 3632 1642 3706 modo
1667 3650 1706 3705 ut
1732 3657 1816 3720 eae,
1841 3607 1934 3730 quae
1950 3632 1986 3698 in
2004 3626 2116 3723 figura
2146 3623 2201 3698 16.

569 3774 896 3872 repraesentantur,
921 3777 1025 3846 zinco
1050 3772 1192 3868 spatoso
1213 3774 1274 3846 seu
1299 3777 1396 3846 vitro
1420 3779 1511 3848 zinci
1540 3777 1761 3864 insederunt,
1778 3783 1859 3847 cuin
1880 3789 2054 3869 utraeque
2078 3793 2123 3842 ex
2147 3793 2204 3844 ea·

568 3919 654 3991 dem
673 3923 909 4016 provenerint
926 3916 1146 3988 Holleniana
1163 3917 1302 3993 fodina.
1313 3917 1344 3988 F
1347 3944 1449 3990 orma
1466 3921 1535 3991 iilis
1555 3920 1750 4016 crystallina
1768 3919 1834 4008 θῇς
1856 3934 1893 3991 et
1912 3919 1996 3988 licet
2019 3941 2093 3988 non
2113 3941 2204 3989 nun·

570 4089 680 4163 qnam
708 4063 929 4158 irregularis,
960 4061 1126 4132 stamen
1146 4066 1339 4134 attentiore
1365 4041 1584 4137 confiderent
1609 4063 1715 4135 oculo
1723 4115 1734 4151 ,
1758 4078 1799 4134 ut
1823 4063 2018 4156 plurimum
2047 4060 2204 4156 duplica·

569 4206 891 4303 to-pyramidata‚
907 4205 1096 4276 aluminari
1107 4247 1121 4262 ·
1133 4206 1302 4277 octaedra
1319 4211 1433 4305 magis
1450 4210 1618 4280 minusve
1636 4207 1857 4294 inordinate,
1875 4230 1921 4277 ex
1939 4203 2077 4302 angulis
2098 4201 2204 4276 obso-

571 4356 645 4427 leto
674 4351 787 4424 acutis
817 4347 897 4437 sex,
925 4349 1182 4447 triangulisque
1210 4347 1393 4425 isoscelicis
1425 4366 1509 4424 octo
1536 4352 1636 4424 fimul
1665 4351 1874 4446 composta.
1911 4349 2023 4442 Quod
2048 4348 2070 4418 fi
2103 4349 2205 4443 plura

571 4495 751 4586 ejusmodi
771 4517 884 4592 grana
905 4495 941 4564 in
958 4515 1072 4564 unum
1089 4495 1191 4567 velut
1208 4519 1336 4592 corpus
1356 4479 1401 4569 en
1422 4513 1524 4592 parte
1543 4496 1697 4568 cdnnata
1719 4496 1782 4568 sust
1792 4546 1805 4580 ,
1828 4513 1906 4568 tum
1923 4493 2096 4566 exstantes
2114 4495 2206 4566 ultra

573 4641 791 4712 eminentiae
814 4654 851 4710 et
872 4635 967 4732 ipsae
994 4609 1258 4732 crynatti'satae,
1284 4603 1531 4738 pyramidibus
1549 4639 1802 4740 quadrangulis
1821 4639 2011 4714 confertim
2034 4660 2206 4736 aggrega·

575 4787 620 4856 tis
637 4786 765 4857 ssmiles
791 4784 942 4854 omnino
968 4779 1056 4853 sunt.
1077 4781 1142 4887 Ex
1166 4808 1241 4880 quo
1265 4803 1386 4881 patet,
1404 4785 1608 4884 pyramides
1629 4786 1808 4884 quaslibet
1826 4785 2011 4860 inferiores
2036 4785 2072 4854 in
2095 4806 2205 4856 unum

581 4927 729 4998 coalitas
748 4923 816 4998 eise
835 4946 975 5020 corpus.
1004 4921 1163 5018 crystalli
1182 4927 1251 5000 hae
1270 4928 1349 5000 sunt
1368 4928 1590 5026 diaphanae,
1622 4933 1774 5001 nitentes
1789 4945 1825 5000 et
1843 4929 2069 5028 laevigatam
2093 4925 2206 5002 Colo·

575 5088 613 5136 re
638 5066 701 5154 iis,
727 5089 820 5161 quae
843 5065 879 5135 in
902 5064 1013 5162 figura
1037 5067 1093 5137 16.
1109 5072 1297 5165 depictae,
1323 5067 1534 5157 subfimiies,
1560 5087 1597 5141 et
1616 5093 1685 5140 turra
1706 5091 1786 5140 cum
1806 5033 1862 5138 stis
1882 5091 1903 5138 a
1920 5070 2061 5172 reliquis
2081 5066 2206 5143 Carin-

576 5201 701 5276 thiacis
729 5228 775 5277 eo
800 5203 875 5302 ipso
900 5206 1084 5294 recedunt,
1108 5211 1168 5304 qui
1186 5207 1264 5296 hic,
1288 5211 1525 5320 praeprimis,
1543 5211 1566 5279 st
1585 5206 1631 5282 ab
1649 5206 1868 5281 adhaerente
1889 5208 2066 5282 interdurn
2083 5227 2206 5302 marga

578 5311 716 5417 lotidde
735 5319 971 5442 depuren'tur,
988 5346 1139 5418 saturate
1157 5347 1260 5420 rnber
1274 5347 1332 5419 est.
