5209 6609
556 809 610 888 7⁰
915 829 931 901 ·.
1181 781 1589 850 εξ

555 1011 705 1071 eturam.
733 990 811 1075 Sed
837 993 878 1066 es
893 997 1014 1115 pigno
1029 995 1254 1090 chulatum
1278 993 1414 1088 plane,
1436 1017 1532 1090 quae
1560 993 1697 1085 solida,
1715 995 1853 1090 llriata,
1875 1019 1914 1077 et
1935 1005 2120 1086 lunellusa
2134 1012 2197 1104 lit,

548 1141 724 1238 persaepe
760 1142 926 1213 invenies
959 1140 1235 1238 plumbaginem
1266 1135 1361 1208 banc
1392 1123 1671 1252 Carintbiacam.
1703 1141 1802 1236 Quid
1823 1163 1947 1224 autem
1970 1153 2093 1249 reapse
2118 1165 2198 1234 ma·

554 1285 657 1356 culae
686 1284 772 1354 illae
798 1281 950 1382 nigrae?
982 1283 1153 1358 Maculae
1179 1283 1345 1381 profecto
1374 1279 1473 1354 haud
1497 1278 1588 1354 sunt.
1613 1281 1799 1362 Foveulaa
1825 1293 1922 1381 imo,
1944 1294 2119 1394 fimplices
2143 1301 2198 1372 in-

554 1428 756 1526 aequales,
792 1428 854 1500 vel
894 1431 1141 1526 compositae,
1179 1403 1421 1528 aggiegatas,
1457 1439 1494 1496 et
1527 1428 1748 1525 introlapsoa
1779 1434 2053 1540 microscopiutn
2093 1441 2199 1516 exlti·
2280 1440 2285 1448 ’

552 1572 618 1646 bet
653 1571 893 1658 scrobiculos,
926 1597 1083 1673 quorum
1120 1571 1255 1646 fundus
1281 1574 1358 1660 iam
1385 1591 1564 1665 perquam
1593 1569 1765 1646 subtiliter
1791 1577 1929 1668 erolus,
1964 1599 2002 1656 et
2030 1608 2076 1656 ex
2104 1590 2196 1660 emi-

554 1719 691 1790 nentiir
709 1717 877 1813 *minimis
900 1715 1149 1790 scabriusculur
1180 1717 1251 1802 eli,
1280 1713 1439 1812 indeque
1464 1715 1568 1808 niger
1591 1735 1763 1812 apparet3
1786 1725 1861 1810 jam
1888 1743 2014 1823 marga
2038 1732 2197 1806 ntartiali

554 1862 717 1940 flavente
751 1877 814 1933 aut
844 1860 961 1934 Zinco
987 1863 1060 1936 live
1095 1859 1294 1945 ochraceo,
1326 1859 1399 1932 five
1432 1857 1551 1931 vitreo
1581 1856 1716 1932 drufico
1741 1865 1898 1960 repletus
1928 1873 2107 1948 interdum
2141 1895 2195 1952 et·

554 2009 632 2079 iam
667 2005 874 2104 capsellulla
905 2005 1122 2112 micantibus
1150 2003 1293 2106 plumbi
1323 1999 1471 2098 spatoll,
1494 1979 1588 2095 'quas
1611 2003 1739 2078 inermi
1766 2011 1830 2081 vix
1854 2012 2044 2114 distinguas
2068 2022 2192 2109 oculo,

553 2153 739 2237 instratur;
766 2149 974 2248 rursumque
1009 2151 1097 2222 aliar
1129 2147 1283 2246 plumbo
1318 2141 1460 2241 spatoso
1490 2138 1677 2218 subalbido
1712 2157 1825 2249 aquei·
1846 2157 1997 2244 colotis,
2029 2159 2091 2232 seu
2125 2189 2193 2237 ve.

554 2300 628 2371 rius
656 2295 810 2391 hyalino
836 2293 1108 2391 subpellueirlo,
1132 2292 1267 2378 solido,
1297 2285 1503 2383 amorphor
1529 2301 1590 2360 iul
1622 2293 1831 2402 nucleorum
1863 2315 1933 2372 aut*
1959 2299 2102 2374 somiein
2137 2309 2193 2380 in·

465 2514 469 2523 ,
555 2439 735 2514 certantis
759 2441 886 2530 instar,
916 2435 963 2513 e'x
988 2455 1069 2511 toto
1090 2456 1152 2514 aut
1175 2457 1279 2536 parte
1310 2431 1472 2508 refertur.
1498 2433 1642 2509 Videor
1672 2453 1794 2512 autem
1823 2441 1913 2514 mihi
1942 2443 2098 2520 diversas
2123 2447 2190 2524 har

553 2585 628 2658 five
646 2588 860 2672 varietates,
888 2587 964 2688 suge
981 2584 1152 2658 fracturae
1166 2584 1308 2681 plumbi
1327 2589 1507 2682 compacti
1530 2580 1588 2653 seu
1608 2585 1850 2683 plumbaginir
1865 2586 1911 2658 ab
1927 2581 2013 2682 ipsa
2026 2593 2189 2668 minerae

552 2725 658 2817 hujus
677 2732 818 2802 interna
841 2743 982 2803 textura
1003 2748 1165 2827 repetere
1190 2733 1320 2826 poast3
1340 2729 1436 2802 banc
1453 2727 1668 2827 mineralogi
1690 2730 1805 2802 ferme
1826 2729 1954 2802 omnen
1979 2691 2190 2811 cunrlnuam

549 2873 696 2960 dicunt,
716 2887 753 2944 et
778 2873 860 2947 talia
884 2875 1051 2970 prosectu
1078 2877 1189 2948 etiam
1213 2879 1353 2972 primo,
1370 2891 1410 2948 ut
1427 2875 1577 2946 dicimus
1588 2924 1600 2958 ,
1618 2861 1746 2946 intuitu
1763 2863 1907 2946 videtur
1916 2872 1982 2946 effe
1992 2901 2004 2959 ς
2023 2877 2189 2966 simlero,

550 3017 676 3114 scapio
698 3033 824 3090 tamen
852 3015 1022 3113 inspicio,
1048 3021 1200 3092 minime
1224 3023 1433 3092 continuam
1460 3017 1485 3090 s.
1508 3017 1760 3114 aequabilem,
1785 3034 1823 3090 et
1842 3039 1938 3116 quae
1958 3023 2122 3114 partibus
2146 3025 2187 3102 fit
2304 3012 2306 3024 ⁴

548 3161 868 3258 impalpabilibur,
887 3161 948 3236 sed
970 3161 1210 3259 chalybeam,
1231 3164 1270 3235 id
1291 3163 1339 3236 eli
1365 3159 1574 3234 subtilissimi
1596 3162 1726 3256 lapidis
1752 3165 1904 3234 arenarii
1934 3169 2057 3241 cotarii
2081 3169 2186 3244 inllar

547 3307 675 3404 potius
695 3308 865 3389 invenio,
887 3330 934 3380 ex
956 3307 1114 3406 granulis
1133 3305 1293 3389 infinite,
1314 3323 1354 3379 ut
1378 3308 1429 3378 ita
1448 3287 1591 3404 loquar,
1607 3308 1753 3402 parvis,
1775 3323 1812 3378 et
1829 3306 2108 3402 pulverulentis,
2129 3331 2185 3388 ta.

548 3473 637 3525 men
656 3445 953 3542 cohaerentibus,
977 3450 1235 3547 compositam,
1259 3454 1295 3523 in
1314 3473 1408 3549 quae
1431 3451 1542 3526 etiam
1561 3448 1657 3540 abit,
1677 3452 1829 3546 ‘quoties
1848 3426 1995 3524 cultello
2014 3453 2182 3532 scinditur

548 3596 612 3670 vel
631 3594 779 3682 raditur,
799 3619 874 3666 non
890 3593 1024 3692 absque
1046 3595 1196 3691 aliquali
1216 3617 1263 3666 ex
1280 3591 1462 3692 rigiditate
1476 3609 1555 3665 otta
1572 3593 1763 3702 resilleutia
1774 3589 2001 3692 substridente
2018 3615 2098 3674 utut
2114 3627 2181 3678 ve·

547 3740 648 3837 lligia
669 3737 834 3812 sectionis
850 3739 981 3832 plana,
1003 3740 1173 3810 continua
1185 3787 1197 3825 ,
1219 3737 1443 3834 aequabilia,
1467 3736 1715 3832 impalpabilia
1734 3737 1799 3810 lint
1817 3753 1855 3810 et
1872 3739 2034 3814 nitentia.
2058 3739 2177 3820 Crun-

536 3877 694 3986 stadius
701 3876 868 3973 sulphure
875 3879 974 3965 solo;
997 3880 1189 3954 Wallerir'tr
1197 3879 1480 3954 etBriiunicbiua
1496 3877 1662 3974 sulphure
1672 3879 1773 3952 fimul
1792 3897 1829 3954 et
1846 3879 2002 3958 arsenico
2021 3891 2174 3962 minera-

544 4025 688 4099 lisatum
716 4024 923 4108 contendit;
951 4025 1131 4111 noliram,
1151 4047 1262 4121 quam
1287 4027 1396 4098 toties
1427 4049 1499 4142 opp
1527 4023 1662 4096 llllulae
1694 4023 2003 4100 ferruminatoriae
2027 4031 2156 4123 reduxi
2161 4086 2173 4125 ,

547 4183 689 4264 praeter
714 4163 889 4260 sulphuris
907 4171 1071 4263 copiam,
1101 4168 1242 4242 tantilla
1264 4168 1409 4244 arsenici
1433 4171 1544 4243 etiam
1571 4165 1797 4266 portiuncula
1817 4169 1996 4258 mixtam,
2021 4189 2078 4247 ex·
2095 4198 2172 4272 pet.

547 4333 659 4411 quarn
673 4309 751 4386 leui
770 4311 846 4385 allii
869 4311 985 4386 odore
1001 4309 1198 4388 crederem.
