5209 6609
1040 809 1424 924 ξε

1073 1064 1079 1078 '
1131 1063 1333 1174 XXVI.

420 1349 702 1460 Plumbum
715 1355 993 1494 sponsum
1026 1349 1190 1458 dilate
1202 1323 1579 1496 stephanum,
1633 1351 2044 1492 crystallffatum,

506 1637 512 1650 .
558 1539 806 1678 crystallis
846 1540 1155 1643 aluminarr'·
1168 1541 1451 1659 odaedris,
1495 1573 1658 1678 parce
1691 1537 2042 1660 dodecoe'dris,

558 1722 1023 1864 tefferadccaidris,
1054 1725 1522 1868 octodecari'drcquue
1552 1725 1742 1830 mistis.
1792 1725 1922 1829 Tab.
1941 1725 2039 1828 IX.

559 1911 674 2051 Frg.
699 1942 782 2012 ss.

462 2401 704 2514 Bleybergoe
719 2399 926 2516 eufodius
941 2403 979 2486 S.
999 2405 1204 2487 Moctlrdei.

411 2645 645 2790 Rariffima,
662 2701 739 2770 imo
756 2700 880 2786 unica,
898 2722 1009 2795 quarn
1027 2699 1146 2779 adhuc
1160 2699 1338 2789 viderim,
1354 2697 1667 2795 obtinuerimque,
1684 2695 2043 2772 varietas.‘Calcarea

411 2843 562 2927 matrix,
588 2841 697 2914 toties
724 2848 801 2932 jam
826 2860 1133 2931 commemorata,
1164 2845 1258 2918 adeo
1291 2845 1409 2916 subtili
1440 2843 1649 2926 obducitur,
1681 2865 1754 2937 qua
1784 2858 1886 2936 parte
1919 2857 2041 2938 patet.

414 2983 523 3054 emila
549 2983 680 3055 drulica
691 3036 702 3071 ,
720 3000 759 3056 ut
784 3010 867 3056 earn
885 3010 961 3057 non
979 2988 1042 3057 nili
1060 2987 1322 3082 microlcopio,
1342 2987 1404 3060 aut
1427 2945 1575 3085 oblique
1599 2983 1815 3082 inspectam,
1833 3010 1878 3057 ex
1901 2986 2040 3058 miculis

410 3125 599 3198 sacharinis
627 3125 933 3223 resplendentibus
960 3131 1120 3228 detegas.
1150 3129 1495 3228 Calcareo-spatola
1521 3156 1565 3202 ea
1586 3131 1655 3220 cll,
1688 3147 1725 3204 et
1758 3128 1972 3225 crystallina,
2005 3143 2043 3200 et

409 3270 610 3368 pellucida‚
628 3276 899 3370 maximamque
924 3289 1066 3370 partem
1092 3239 1205 3349 diluto
1220 3273 1414 3373 sulphureo
1441 3277 1552 3348 tincta
1577 3275 1716 3361 colore,
1742 3275 1875 3345 eodem
1898 3273 2040 3358 scilicet,

406 3440 480 3512 quo
507 3415 654 3512 crystalli
673 3414 769 3511 ipsae
788 3417 880 3512 spati
900 3416 1119 3512 plumbileri.
1139 3419 1221 3492 Hae
1243 3415 1398 3517 prodiga
1417 3421 1526 3514 plane
1551 3441 1661 3489 manu
1685 3421 1722 3487 in
1739 3415 1895 3514 spatiolo
1916 3435 2039 3490 utcun·

403 3582 473 3655 que
497 3581 616 3654 parvo
636 3556 833 3656 dispersae,
851 3561 1008 3658 llipatim
1032 3564 1300 3653 accumulatae,
1325 3587 1512 3660 nunquam
1536 3539 1666 3634 triticei
1690 3559 1833 3632 seminis
1859 3563 2038 3657 magnitu-

400 3701 508 3788 dine,
529 3700 589 3774 sed
604 3727 764 3798 parvae,
788 3720 825 3777 et
840 3707 964 3801 parvis
984 3708 1163 3794 minores,
1186 3711 1263 3781 imo
1279 3710 1474 3797 minimae,
1496 3731 1586 3804 quas
1612 3707 1742 3778 inermi
1762 3706 1826 3776 vix
1847 3703 2058 3812 dillinguas¹
2170 3781 2188 3808 ο

403 3847 534 3934 oculo,
552 3863 692 3920 armato
714 3847 858 3943 semper
881 3850 1033 3945 optime.
1050 3849 1512 3948 Duplicato-pyramidata
1535 3852 1725 3939 octaedra,
1745 3849 1949 3920 aluminaris
1973 3827 2035 3921 illa

402 3990 524 4062 forma
530 4040 543 4074 ,
565 4015 611 4064 ex
630 3991 750 4087 planis
769 3995 918 4090 trigonis
943 3993 1153 4090 aequalibus
1174 4011 1276 4084 octo,
1295 3994 1428 4094 sexque
1448 3997 1587 4092 angulis
1610 3992 1748 4079 solidis,
1775 4008 1837 4062 aut
1861 3991 1882 4060 fi
1901 3994 2032 4080 mavis,

344 4151 349 4159 '
405 4159 450 4206 ex
460 4103 711 4230 pyramidibus
730 4135 843 4225 binis,
863 4135 1135 4235 quadrangulis,
1155 4136 1294 4210 bafibus
1316 4140 1455 4212 coalitis
1472 4140 1682 4236 composita.
1695 4132 2034 4232 Nitor,diaphanei·

399 4293 529 4377 tasque
548 4281 712 4376 priorum
731 4283 962 4355 varietatum.
987 4279 1101 4353 Color
1116 4281 1228 4354 dilute
1247 4282 1474 4371 stramineos,
1492 4283 1565 4354 live
1585 4279 1805 4378 sulphureus.
1825 4279 1950 4376 Atque
1967 4275 2032 4350 ha·
2051 4353 2059 4368 ,
2145 4249 2146 4254 ¹

401 4447 484 4496 rum
503 4423 654 4521 quidem
677 4425 922 4520 crystallorum
937 4424 1115 4520 plurimae
1135 4429 1286 4499 omnino
1305 4425 1400 4499 sunt:
1418 4425 1474 4499 his
1498 4449 1607 4524 quarn
1632 4421 1828 4522 parcillime
1846 4426 2030 4494 immixtas

243 4563 248 4572 ’
401 4591 527 4640 cernas
554 4567 819 4659 dodecaidras,
841 4595 886 4642 ex
908 4566 1156 4664 pyramidibus
1181 4570 1274 4643 binis
1293 4568 1522 4666 hexagonis,
1546 4566 1683 4640 bathus
1707 4565 1870 4656 coalitis,
1896 4567 1957 4640 seu
1984 4589 2030 4638 ex

398 4714 548 4809 trigonis
565 4714 778 4810 aequalibus
798 4711 1013 4800 duodecim,
1035 4715 1265 4810 compofitas.
1284 4711 1621 4786 Tetteradecaadras
1638 4713 1750 4800 item,
1765 4737 1813 4785 ex
1829 4712 2028 4808 pyramidi·

396 4852 464 4927 bus
488 4856 583 4930 binis
601 4853 826 4955 liexagonis‚
846 4855 986 4928 basibus
1006 4857 1165 4947 coalitis,
1189 4857 1251 4929 sed
1267 4855 1427 4953 apicibus
1447 4861 1635 4945 truncatis,
1661 4874 1697 4929 et
1715 4855 1813 4954 qnod
1838 4856 1936 4927 idem
1959 4855 2028 4946 ell,

398 5023 444 5072 ex
463 5004 632 5097 trapeziis
650 5002 867 5088 duodecim,
889 4999 1054 5098 binisque
1073 5003 1267 5097 oppositis,
1284 5019 1322 5074 et
1342 5004 1501 5074 maxime
1524 5005 1672 5074 remotis
1690 5002 1807 5098 planis
1827 4997 2029 5099 hexagonis

401 5144 629 5217 conllructas.
649 5143 843 5242 Denique,
869 5146 915 5218 de
938 5136 1069 5244 quibus
1092 5143 1184 5216 infra
1209 5145 1355 5218 uberior
1376 5145 1481 5218 nobis
1506 5145 1622 5218 sermo
1636 5148 1721 5234 erit,
1746 5145 2026 5218 octodecaiidras
2165 5226 2172 5244 ἱ

393 5293 565 5364 minimas
582 5290 781 5390 quasdam,
799 5315 846 5364 ex
860 5289 1110 5387 pyramidibus
1127 5289 1220 5361 binis
1238 5292 1450 5387 octogonis,
1474 5288 1606 5388 absque
1624 5289 1792 5387 prismate
1810 5287 2023 5363 intermedio

392 5457 459 5530 per
475 5435 578 5510 bases
590 5439 718 5523 unitis,
737 5436 898 5534 apicibus
917 5437 1085 5534 utrinque
1103 5457 1214 5534 quam
1232 5431 1502 5532 profundillime
1520 5437 1708 5520 truncatis,
1733 5435 1955 5521 constitutas,
1972 5434 2024 5504 in-
