5209 6609
556 889 609 961 52
1186 864 1571 938 Ξ

566 1087 636 1146 tec.
662 1067 782 1143 Sitmn
804 1069 906 1167 quod
932 1073 1082 1159 attinet,
1100 1071 1186 1149 licet
1208 1078 1454 1152 accumulatae
1479 1078 1670 1152 confertim
1692 1075 1776 1168 lint,
1795 1093 1834 1152 et
1855 1079 1915 1152 libi
1939 1097 2129 1180 praeterea
2148 1089 2186 1160 iu

551 1215 678 1290 medio
701 1215 924 1314 quandoque
949 1241 1117 1293 arearum
1139 1197 1351 1297 normaliter
1374 1240 1504 1298 mutuo
1531 1223 1743 1313 inlinentes,
1764 1227 1841 1297 imo
1867 1223 1901 1298 se
1923 1251 2187 1326 nonnunquam

551 1364 663 1434 etiam
688 1359 975 1448 intercutem„
994 1361 1094 1440 haud
1117 1391 1303 1466 quaquam
1327 1385 1449 1442 tamen
1473 1372 1524 1443 ita
1547 1369 1753 1456 ordinatae,
1781 1385 1821 1444 ut
1846 1395 1951 1446 veras
1975 1373 2187 1448 cellularum

483 1472 491 1486 ’
553 1506 845 1604 intercapedines
865 1507 1071 1588 alternent.

1281 1939 1459 2050 XXV.

553 2228 1111 2372 Plumbumspatosum
1135 2230 1294 2348 uiride
1314 2231 1725 2372 crystallffatum‚
1760 2230 2009 2371 crystallis
2025 2243 2186 2338 octat·-

693 2416 837 2538 drn,
905 2418 1146 2558 utrinque
1196 2419 1460 2539 truncatis,
1515 2418 1787 2560 hexagono
1812 2482 1831 2504 ·
1857 2417 2183 2558 prymoticin

705 2605 839 2708 Tab.
862 2604 961 2708 IX.
989 2605 1105 2744 Fig.
1132 2635 1221 2712 21.

550 2899 661 3036 Sola
678 2954 773 3026 inter
790 2917 921 3027 omnen
944 2955 1102 3028 varietas
1118 2950 1304 3042 haccess,
1328 2953 1375 3026 de
1396 2975 1487 3050 qua,
1504 2966 1623 3025 utnrm
1642 2977 1688 3025 ex
1701 2947 1885 3023 Carinthia
1899 2975 2025 3025 revera
2045 2951 2107 3039 fit,
2128 2969 2189 3027 aut
2227 2987 2232 2998 ·

549 3123 651 3186 non,
671 3099 792 3172 dicere
808 3121 977 3197 nequeo,
1006 3097 1149 3196 semper
1163 3097 1329 3170 dubitavi
1355 3113 1392 3170 et
1409 3096 1615 3171 adhucdum
1633 3097 1760 3168 dubius
1775 3093 1921 3167 haereo.
1950 3095 2037 3187 Quo
2051 3095 2189 3192 potissi·
2322 3117 2327 3133 ·

551 3265 657 3316 mum
686 3257 773 3315 nata
796 3241 835 3315 lit
854 3243 960 3332 loco,
983 3257 1045 3315 aut
1067 3243 1127 3314 vel
1155 3241 1248 3314 nasci
1270 3244 1454 3338 potuerit,
1476 3243 1585 3338 plane
1610 3245 1751 3339 ignoro.
1778 3240 1846 3312 Ubi
1870 3241 2017 3312 demum
2044 3241 2187 3336 plumbi

552 3410 696 3484 cunque
722 3385 802 3459 sunt
818 3385 967 3460 fodinae
987 3389 1025 3460 in
1049 3384 1254 3471 Carinthia,
1269 3383 1446 3483 nusquam
1467 3386 1591 3458 viridis
1602 3385 1706 3475 hujus
1721 3387 1905 3456 varietatis
1924 3385 1984 3455 vel
2000 3384 2188 3483 vestigium

550 3553 614 3604 mc
644 3527 818 3604 invenille
845 3529 1009 3604 memini.
1043 3529 1191 3604 Certum
1217 3555 1308 3604 vero
1334 3529 1402 3619 eil,
1426 3523 1497 3602 hoc
1524 3529 1641 3626 ipsum
1672 3529 1828 3628 denique
1852 3553 1970 3602 rarum
1989 3527 2187 3624 specimen,

429 3717 445 3752 ι
554 3673 644 3749 dum
661 3673 895 3746 celeberrimo
910 3669 1114 3749 Morrltcro
1132 3675 1170 3746 in
1190 3671 1598 3746 Geor-Kirchheimenfi
1616 3695 1739 3746 comes
1755 3697 1853 3746 eram
1868 3675 2017 3760 itinere,
2037 3675 2187 3772 nivique

551 3819 704 3916 perenni
726 3813 891 3890 iniollam
915 3817 1081 3891 fodinam
1100 3782 1312 3892 Goldzeche
1334 3821 1370 3890 in
1390 3813 1685 3913 Fleillersgraben
1707 3814 1916 3902 vihtabam,
1943 3817 2062 3888 eidem
2083 3815 2188 3890 asos·

553 3959 633 4036 iore
651 3962 776 4059 aliquo
792 3961 957 4036 oblatum
980 3959 1067 4048 effe3
1087 3985 1134 4034 ex
1154 3985 1229 4060 quo
1246 3955 1371 4062 utiqub
1390 3985 1539 4061 arguere
1554 3983 1614 4032 me
1632 3957 1730 4056 polle
1745 3961 1887 4050 judico,
1913 3961 1934 4030 fi
1963 3959 2188 4032 Corinthiaco

562 4121 689 4180 tamen
717 4107 810 4180 inter
838 4105 1015 4204 producta
1040 4111 1289 4180 connumerari
1314 4107 1446 4180 debeat
1472 4105 1563 4199 haec
1591 4105 1731 4200 plumbi
1756 4103 1884 4201 spatofi
1908 4071 2085 4191 varietas,
2107 4129 2188 4178 eam

447 4289 455 4300 ¹
559 4275 635 4328 non
660 4249 768 4338 alibi,
785 4273 897 4350 quam
925 4253 963 4324 in
990 4269 1228 4327 concatenata
1253 4253 1316 4324 illa
1337 4249 1583 4324 altillimomm
1608 4265 1645 4321 et
1671 4273 1757 4322 vere
1775 4249 1980 4346 glacialium
2008 4253 2188 4322 montium

556 4391 687 4485 maiia,
716 4397 843 4494 inqua
865 4411 935 4470 tret
951 4395 1215 4494 pulcherrimae
1231 4399 1465 4495 provinciae,
1484 4393 1755 4496 Sahsburgenfis
1772 4395 1959 4485 nimirum,
1986 4393 2189 4490 Tyrolenlic

562 4555 601 4616 et
618 4537 846 4616 Corinthiaco
868 4559 1102 4636 concurrunt,
1120 4543 1366 4642 quaerendam
1384 4537 1464 4615 elle.

609 4831 813 4938 Meminere
833 4834 926 4908 illius
946 4837 1038 4910 inter
1056 4853 1221 4910 autorem
1256 4829 1454 4908 Linnoeus
1473 4827 1563 4928 syn.
1584 4845 1657 4902 nat.
1681 4827 1751 4900 Ed.
1772 4827 1887 4904 Vind.
1908 4827 1955 4900 T.
1966 4825 2028 4904 lll.
2046 4851 2085 4926 p.
2103 4849 2187 4926 134.
2243 4903 2248 4912 ,

559 4973 607 5056 Ν.
630 5002 667 5074 7.
687 4977 885 5058 Plumbum
906 4983 1027 5058 vicena
1047 4981 1214 5082 crystallis
1230 4977 1417 5056 heratdro
1429 5021 1444 5040 ·
1458 4975 1687 5078 prismaticis,
1708 4976 1874 5080 utrinque
1894 4976 2075 5046 truncatis.

615 5271 820 5356 Wollert‘ut
847 5272 937 5374 Syll.
962 5272 1057 5352 Min.
1089 5273 1210 5350 T.11.
1240 5279 1389 5374 p.'308.
1412 5271 1461 5348 N.
1488 5293 1524 5360 7.
1552 5269 1606 5360 (c)
1629 5264 1771 5370 Minora
1791 5261 1936 5361 plumbi
1957 5263 2081 5336 viridis
2113 5285 2188 5358 cry·

557 5423 735 5500 tntliltn.
