5209 6609
555 923 602 993 62
1182 915 1566 980 ..ψ-..Ἦ

555 1116 758 1192 identidem
773 1121 942 1212 utrinque
959 1119 1167 1216 elongatur,
1185 1117 1400 1190 tantundem
1420 1116 1540 1192 radios
1559 1115 1604 1190 ab
1623 1121 1795 1215 octogoni
1809 1118 1949 1213 'angulis
1966 1115 2014 1188 ad
2030 1133 2195 1194 centrum

554 1255 683 1330 ductor
701 1256 938 1352 aequabiliter
951 1260 1118 1353 utrinque
1135 1255 1359 1344 decrescere,
1386 1279 1505 1351 pone,
1527 1255 1705 1350 cryllallos
1715 1309 1726 1344 ‚
1754 1279 1843 1352 quas
1858 1253 2037 1349 specimen
2055 1255 2115 1352 lig.
2134 1279 2154 1328 a
2160 1279 2195 1344 7.

552 1391 713 1483 exbibet,
731 1395 902 1492 lingulas,
917 1393 979 1466 sub
997 1399 1127 1490 quavis
1146 1395 1397 1492 magnitudine
1413 1409 1451 1466 et
1469 1391 1710 1481 crailitudine,
1736 1371 1834 1466 simul
1849 1395 2030 1490 concipies
2045 1393 2197 1466 octode-

552 1533 720 1620 ca'e'dras,
736 1549 799 1605 aut
815 1536 928 1606 ctiam
948 1549 1045 1606 ortas
1070 1533 1235 1622 videbit,
1259 1557 1412 1630 quarum
1429 1533 1529 1606 color
1554 1530 2041 1641 flavo-hyalinuagcitrinus,
2060 1553 2196 1620 cereus,

552 1687 617 1746 aut
641 1673 887 1757 aurantiacur,
912 1673 978 1742 vix
1000 1671 1061 1743 nis
1085 1673 1236 1761 maiori,
1259 1685 1324 1744 aut
1350 1673 1482 1744 minori
1501 1671 1640 1745 metalli
1663 1668 1895 1770 heterogenei
1909 1667 2095 1744 admixtae
2107 1691 2198 1766 por·

552 1811 645 1881 tioni
660 1807 806 1886 adscribi
822 1807 948 1904 potest.

1253 2085 1480 2194 XXXII.

553 2375 1111 2514 Plumbumspatrfirm
1124 2371 1363 2475 citrinum
1379 2371 1779 2510 crystallisatum,
1802 2369 2048 2508 crystallis
2066 2389 2198 2474 octo·

699 2561 963 2664 decaedrn
988 2559 1298 2702 comprrffir,
1302 2561 1469 2698 spato
1489 2560 1718 2661 calcareo
1740 2555 1960 2688 cir-asson,
1968 2555 2197 2694 seleniti-

699 2744 1046 2852 co-decaeilro
1078 2743 1337 2848 rhombico
1370 2777 1441 2848 ex
1466 2759 1569 2846 toto
1598 2759 1695 2846 aut
1716 2757 1873 2880 parre
1900 2740 2196 2882 incrustatur.

705 2931 840 3034 Tar:
861 2929 989 3031 xrr
1017 2927 1136 3068 ng
1159 2948 1238 3054 28.

604 3207 672 3285 Ex
690 3205 826 3284 eadem
835 3201 999 3310 sodinc.
1137 3219 1142 3226 '

554 3438 766 3568 Extimam
783 3491 933 3563 calcarei
953 3491 1128 3586 praedicti
1147 3490 1297 3578 faciem,
1316 3489 1546 3566 bellarionrm
1565 3487 1708 3564 saebaro
1732 3491 1960 3563 conditorum
1974 3511 2098 3578 more,
2132 3485 2199 3562 ob·

555 3629 657 3703 ducit
673 3629 783 3702 crusla
798 3628 939 3702 crassior
954 3627 1044 3726 spati
1064 3632 1212 3702 calcarei
1229 3629 1602 3725 crystallino-drusici,
1619 3629 1786 3724 crystallis
1805 3629 2012 3726 pellucidis,
2032 3625 2125 3700 albis
2143 3630 2198 3698 ni·

554 3767 737 3857 tentibus,
759 3745 967 3854 rhombeir,
992 3766 1412 3846 selenitico-decaidris,
1435 3767 1683 3878 magnitudine
1702 3765 1965 3858 differentibus,
1992 3766 2195 3858 inordinate

557 3905 818 3979 confluentibus
828 3960 841 3994 ,
862 3911 1118 4004 connatieque,
1142 3924 1182 3979 nt
1199 3906 1407 3979 rariusculae
1424 3909 1601 4003 integram
1619 3909 1790 3978 extricare
1807 3907 1956 3993 valeas,
1983 3908 2199 4002 plerumque

554 4043 628 4117 boc
644 4061 707 4116 ant
721 4047 785 4116 illo
805 4045 916 4140 plano
934 4047 1093 4134 laterali,
1122 4047 1195 4117 five
1221 4047 1375 4142 angulo,
1398 4045 1491 4115 ultra
1508 4041 1727 4140 superficiem
1746 4044 1873 4116 crustae
1894 4040 2057 4142 spatusae
2074 4058 2197 4115 ertan-

540 4197 636 4270 tem
655 4197 693 4253 ct
709 4185 903 4254 micantem
921 4183 1106 4254 discernas.
1159 4179 1305 4255 Crullae
1321 4181 1423 4270 huic,
1442 4205 1536 4278 quae
1552 4182 1732 4278 interdum
1748 4181 1907 4276 lapidem
1923 4181 2061 4278 ipsum,
2080 4203 2197 4254 venae

560 4333 623 4390 aut
645 4320 715 4390 rivi
734 4320 919 4392 maeandri
935 4321 1062 4392 formis
1078 4319 1181 4392 instar
1198 4338 1380 4416 pererrat,
1405 4321 1554 4392 infident
1577 4323 1738 4417 parcius,
1763 4337 1825 4392 ant
1844 4322 2019 4417 copiosior
2026 4375 2038 4410 ,
2062 4319 2198 4416 sparsae

559 4455 742 4533 lamellae,
755 4471 818 4526 aut
832 4457 980 4552 crystalli
996 4459 1138 4556 plumbi
1154 4458 1281 4554 spatofi
1299 4459 1388 4532 slavi
1405 4463 1569 4556 exiguae,
1588 4475 1650 4532 aut
1666 4457 1877 4545 maiusculae
1892 4463 2030 4555 priores
2045 4457 2198 4554 quadra·

562 4605 623 4662 tae
640 4608 703 4663 aut
723 4596 1187 4693 octogonae,·poilerioree
1216 4613 1359 4686 autem,
1387 4595 1801 4670 rhombe0·decaiidr'ac
1825 4597 2046 4684 selenitidae,
2076 4597 2138 4670 rel
2160 4611 2199 4669 ut

560 4730 758 4826 plurimum
777 4733 1081 4825 octodecae'drae,
1099 4734 1488 4832 plano-‘comprelsam
1506 4733 1604 4808 haud
1624 4735 1824 4810 admodum
1841 4735 1986 4824 crassae,
2009 4737 2131 4810 colore
2151 4739 2198 4807 ci·

562 4870 670 4956 trino,
690 4869 906 4965 diaphanae,
926 4874 1089 4945 nitentes.
1117 4873 1230 4966 Quod
1246 4898 1336 4946 vero
1356 4875 1487 4945 mirum
1504 4877 1676 4964 maxime,
1694 4892 1731 4947 et
1747 4899 1821 4947 non
1841 4874 1976 4948 eodem
1992 4891 2092 4948 natas
2107 4891 2196 4947 tem·

562 5010 673 5099 por‘e,
690 5005 877 5079 evidenter
894 5013 1046 5100 evincit,
1068 5012 1159 5084 illud
1175 5011 1241 5100 cst,
1259 5013 1360 5109 quod
1382 5037 1503 5084 earum
1523 5015 1716 5085 nonnullae
1730 5017 1831 5086 totae
1849 5015 1939 5086 ultra
1958 5031 2200 5091 memoratam

564 5141 712 5214 crullam
730 5149 915 5220 emineant
927 5150 1059 5239 nudae,
1078 5175 1150 5224 uno
1168 5154 1280 5224 latere
1297 5153 1446 5249 oblique
1461 5167 1523 5222 aut
1541 5153 1759 5242 normaliter,
1779 5153 1917 5249 semper
1931 5151 2199 5227 tamen‘levilli·

563 5303 625 5350 rne
648 5285 787 5354 matrici
815 5286 1023 5370 insidentes3
1046 5291 1139 5361 aliae
1159 5291 1301 5378 media,
1314 5305 1380 5364 'aut
1399 5292 1593 5387 plusquam
1611 5292 1733 5363 media
1750 5291 1797 5362 sui
1815 5309 1919 5387 parte
1938 5293 2028 5365 intra
2046 5294 2200 5366 eandem

566 5417 750 5494 demersae.
765 5399 847 5509 lint,
868 5427 1082 5516 nonnullae,
1100 5429 1172 5502 five
1189 5429 1406 5526 prostratae,
1428 5431 1500 5504 five
1518 5445 1656 5504 erectae
1675 5434 1763 5505 intra
1780 5431 1934 5504 eandem
1955 5434 2099 5527 penitus
2117 5455 2199 5506 con·
