5209 6609
513 885 562 934 ω
838 879 842 886 -
1150 835 1531 904 5

485 1067 633 1151 aritae,
661 1079 698 1134 at
727 1077 822 1134 certe
847 1083 965 1155 neque
993 1053 1166 1154 gypseae,
1190 1076 1308 1149 neque
1335 1053 1512 1127 calcareas
1527 1101 1532 1106 -
1548 1059 1598 1137 (ς.
1617 1073 1652 1144 7.
1671 1069 1708 1125 et
1732 1075 1785 1143 15.
1798 1063 1822 1138 ).
1841 1053 1967 1126 intime
1993 1053 2147 1123 mixtum

514 1207 594 1282 elle.
641 1238 644 1244 ·

562 1492 737 1566 Referam
749 1497 846 1582 jam,
873 1514 1023 1586 quarum
1039 1491 1086 1563 ad
1102 1489 1197 1561 hunc
1215 1514 1329 1586 usque
1345 1491 1443 1564 diem
1460 1488 1548 1562 mihi
1565 1490 1661 1563 facta
1680 1488 1726 1562 eli
1745 1492 1961 1564 varietatum
1981 1489 2072 1560 illius
2091 1490 2149 1560 vi·

515 1633 716 1706 dendarum
741 1638 858 1730 copia.
893 1634 1037 1706 Ludere
1061 1635 1098 1704 in
1119 1634 1187 1704 illis
1207 1650 1354 1722 natura,
1379 1636 1451 1706 sive
1476 1637 1594 1705 verius
1617 1633 1821 1728 supremum
1847 1632 1943 1720 Ens,
1970 1634 2049 1727 quia
2075 1653 2150 1703 non

514 1780 646 1856 videt?
670 1781 782 1866 ludit,
807 1776 945 1850 sedvel
968 1779 1055 1850 dum
1076 1778 1191 1867 ludit,
1216 1779 1453 1850 adorandum.
1479 1777 1580 1850 Nihil
1599 1781 1694 1848 enim
1721 1779 1756 1846 in
1781 1791 1883 1848 tanta
1907 1779 2150 1848 variatiorrum

511 1928 563 1998 rei
584 1927 688 1997 unius
707 1924 941 2020 ejusdemque
958 1922 1245 2017 multiplicitate,
1272 1939 1408 2003 temere
1427 1940 1488 1994 aut
1515 1924 1764 2009 tumultuarie,
1790 1922 1861 1993 srve
1886 1921 1985 1998 ,sorte
2006 1919 2151 1993 fortuna

512 2069 649 2140 sactum
664 2068 789 2151 vides3
814 2069 946 2165 lingula
969 2065 1110 2163 prorsus
1128 2067 1427 2164 irrefragabilibus
1452 2064 1652 2140 matheseos
1670 2063 1827 2160 legibus;
1853 2068 1990 2149 erravi,
2017 2063 2150 2168 sngula

514 2213 662 2284 divinae
680 2166 835 2284 consula
850 2211 984 2298 menti,
1010 2236 1083 2282 non
1109 2203 1169 2282 nisi
1195 2215 1506 2308 omnipotentem,
1532 2235 1573 2284 ac
1599 2211 1890 2306 qualitercunque
1914 2210 2049 2304 egerit,
2073 2205 2152 2292 salli

515 2354 667 2430 nesciam
690 2357 885 2455 loquuntur
906 2355 1130 2451 sapientiam.

516 3044 1113 3182 Plumbumspatosum,
1152 3043 1549 3180 dilnteflannm‚
1589 3049 1802 3165 atomis,
1841 3043 2157 3178 lamellisque

660 3236 1027 3373 micrrffcopicis
1053 3235 1416 3372 quadrilatera
1444 3235 1654 3340 micans.

562 3461 744 3568 Nascitur
761 3445 1025 3540 intractatam
1049 3469 1091 3539 in
1097 3461 1247 3566 sodina
1251 3461 1418 3566 sanctae
1440 3462 1688 3568 Canegundis
1705 3465 1955 3574 Bleybergae.

515 3749 706 3876 possideo
724 3824 772 3870 err
790 3798 974 3894 praedicta
1008 3796 1133 3869 sodina
1154 3797 1257 3891 plura
1281 3795 1386 3868 sruila
1419 3812 1535 3869 cretae
1559 3791 1776 3898 Cronstedci
1793 3797 1896 3873 albae
1922 3801 2003 3872 laxe
2024 3795 2151 3870 cohae-

515 3917 652 4034 rentis,
670 3969 764 4040 quae
783 3943 942 4014 diffracta
960 3966 1026 4036 per
1042 3921 1210 4035 opacam,
1235 3938 1465 4034 aequabilem
1484 3940 1541 4013 seu
1562 3945 1838 4039 impalpabilem
1858 3947 2003 4016 niveam
2023 3960 2084 4012 aut
2101 3957 2152 4012 et-

512 4090 586 4156 iam
605 4086 827 4156 martialibus
846 4087 1028 4180 particulis
1053 4087 1301 4172 commixtam,
1325 4054 1641 4160 ruso-flaventem
1660 4089 1863 4174 fracturam,
1883 4103 2013 4159 tractus
2037 4086 2152 4158 subirr-

514 4230 561 4300 de
589 4226 762 4301 exhibent
787 4229 943 4326 sparsos,
959 4245 1032 4302 aut
1052 4231 1152 4303 nullo
1168 4231 1297 4301 ‘ordine
1318 4227 1566 4315 discurrentes,
1593 4229 1792 4328 oblongos,
1818 4230 2041 4319 latiusculos‚
2067 4257 2152 4304 cou-

515 4375 721 4461 tractiores,
747 4377 857 4446 etiam
883 4399 1059 4448 venarum
1088 4374 1305 4448 fibrarumve
1328 4376 1492 4458 tenuium
1516 4375 1620 4448 insiar
1637 4375 1835 4471 serpentes,
1861 4379 1991 4448 coloris
2008 4375 2150 4472 sulphu·
2202 4429 2206 4436 ·
2337 4415 2341 4422 ·

513 4518 586 4603 rei,
609 4533 672 4588 aut
699 4516 889 4614 sulphureo
915 4520 1059 4592 dilutius
1086 4509 1261 4591 flaventis.
1289 4517 1410 4590 Probe
1429 4519 1573 4614 inspecti
1590 4521 1686 4594 aliud
1713 4519 1925 4610 baudinus,
1953 4547 2062 4618 quam
2086 4521 2149 4596 fla-

515 4681 646 4731 vorum
665 4666 847 4760 congeries
865 4664 1158 4759 pulvisculorum.
1191 4664 1286 4749 Hoc,
1309 4663 1479 4758 siquidem
1499 4646 1562 4735 soli
1579 4664 1789 4754 obverteris,
1805 4684 1866 4762 aut
1884 4667 2032 4762 oblique
2051 4663 2150 4761 aspe-

514 4807 627 4894 xeris,
653 4808 714 4883 vel
735 4809 889 4904 denique
910 4809 1143 4908 microscopio
1160 4813 1442 4896 examinaveris,
1469 4825 1611 4882 atomos
1630 4811 1841 4908 tellulasquc
1862 4779 2006 4906 planes,
2034 4815 2149 4884 minu·

514 4948 683 5039 tiffimas,
708 4979 866 5050 vereque
884 4955 1175 5053 microscopicas‚
1202 4956 1478 5054 quadrilateras,
1505 4955 1634 5030 sacheri
1659 4957 1706 5031 ad
1721 4955 1823 5030 instar
1839 4959 2149 5056 micantesplum·

415 5069 418 5075 ¹
516 5091 552 5162 bi
570 5091 696 5188 spatofi
716 5100 827 5172 citrini
848 5098 916 5174 elle
935 5101 1093 5200 deteges.
