5209 6609
1067 857 1448 910 —'
2030 891 2076 966 ¹9

445 1075 758 1188 gaceaestanae,
770 1077 919 1187 quibus
939 1092 983 1154 ut
992 1075 1206 1180 plurimum
1223 1083 1353 1158 totite,
1373 1088 1442 1149 aut
1456 1053 1511 1148 ¹ece
1526 1075 1660 1176 parte,
1682 1072 1872 1152 obductae
1875 1073 1998 1182 sunt,
2016 1072 2080 1150 de·
2101 1127 2118 1156 .

446 1253 640 1331 putarem.
668 1223 731 1302 Sic
759 1224 850 1301 lotis
863 1217 1111 1331 superinsudi
1131 1243 1233 1295 nunc
1256 1241 1398 1324 aquam
1413 1214 1582 1323 sortem,
1606 1215 1737 1321 postea
1761 1219 1887 1296 oleum
1910 1220 2082 1308 nitrioli5

452 1387 494 1448 at
508 1397 631 1476 neque
651 1396 734 1447 curn
753 1368 843 1456 lroc,
864 1394 987 1475 neque
1003 1391 1087 1442 curn
1107 1364 1176 1440 illa
1194 1333 1392 1469 quidpiam
1413 1362 1676 1466 efferwerunt.
1697 1362 1838 1440 Plures
1855 1368 2003 1443 interea
2026 1365 2083 1442 la-

448 1516 561 1621 pidet
579 1514 726 1592 alantur
740 1515 913 1604 calcanei,
929 1511 1154 1619 pracsertim
1174 1523 1213 1583 et
1226 1505 1486 1610 impalpabilis
1501 1520 1683 1582 texturae
1692 1562 1703 1628 3
1733 1513 1801 1614 qui
1815 1535 1895 1586 non
1910 1509 1982 1614 nifi
1994 1510 2080 1614 poll

451 1686 613 1746 moram,
622 1675 690 1736 aut
699 1659 937 1764 inpuluerem
951 1660 1119 1742 contriti,
1128 1652 1565 1744 acidismooencurtttos
1575 1672 1769 1752 propterea
1778 1655 2085 1757 Gyspaceistcrrie

449 1802 546 1912 lusti
553 1803 818 1895 adnumeravit,
828 1804 1102 1878 reclamantibus
1110 1802 1194 1873 licet
1205 1795 1441 1907 Cronstedto,
1459 1794 1644 1887 Linnaeo,
1662 1818 1699 1874 et
1715 1799 1907 1893 Wallerio,
1925 1829 2081 1902 quorum

450 1943 2086 2056 hicincensumilloccalcareorpmsuorumaequabilitercompactorum,Linaeusverotan·

452 2123 562 2198 quam
571 2098 725 2170 totidem
733 2099 1220 2170 varietatesintermarmora
1232 2090 1293 2162 sua
1306 2089 1406 2162 tarda
1416 2087 1679 2189 relegat.)Hoe
1684 2087 1806 2192 probe
1814 2114 1898 2166 curn
1908 2089 2085 2169 haberem

447 2239 702 2347 perspectum,
726 2223 1024 2344 haudquaquam
1037 2237 1180 2312 nullius
1188 2209 1388 2339 crystallos
1403 2230 1512 2338 lusce
1509 2215 1724 2341 solutionis
1732 2259 1892 2340 capaces
1905 2235 1979 2344 effe
1979 2237 2088 2338 jucli-

453 2387 539 2459 caui
549 2411 602 2460 ea
612 2409 672 2473 eo,
693 2371 802 2488 quod
816 2381 931 2456 acido
947 2385 1044 2457 nitri
1057 2407 1137 2458 non
1148 2339 1454 2484 fferuescereut;
1470 2383 1562 2484 quin
1574 2379 2009 2488 potiussnbtilissimum
2026 2409 2088 2460 ea-

451 2554 535 2604 rum
543 2526 752 2606 nonnullas
762 2530 972 2602 comminui
973 2526 1180 2629 puluerem,
1195 2549 1275 2601 non
1276 2525 1363 2623 jam
1361 2520 1516 2622 stonum
1539 2523 1658 2616 illum,
1677 2549 1803 2603 rerum
1801 2525 1961 2632 subluto
1967 2555 2082 2632 prae-

449 2671 711 2779 cisie,partium
722 2669 1150 2776 nexualbumeaquam
1159 2663 2087 2775 deinsortemalbaeltuicetpuluerulentaeterrae

452 2812 591 2921 aelsurii
609 2817 758 2920 largius
768 2843 784 2902 ,·
796 2815 877 2920 sed
885 2784 1243 2920 frustraneoausu‚
1261 2810 1428 2887 bullulae
1449 2822 1605 2900 ot'reae,
1624 2811 2089 2924 efferutffcentiaeetsolu-

452 2965 573 3039 tionis
595 2975 700 3036 certa
717 2960 886 3051 indicia,
907 2957 1159 3065 ty'eendebant
1179 2956 1243 3032 nel
1256 2954 1328 3031 lroc
1345 2960 1387 3031 in
1405 2957 1491 3062 casu
1516 2957 1657 3034 nullae.
1680 2957 1848 3066 Reposui
1864 2977 1993 3038 tomen
2014 2963 2084 3041 ad-

450 3103 522 3182 ltuc
539 3093 717 3210 operculo
737 3120 876 3182 tectum
890 3109 1055 3180 vitreum
1076 3102 1175 3179 illud
1186 3129 1257 3179 vas
1272 3125 1351 3176 uno
1366 3097 1589 3198 cumstuialo
1608 3119 1646 3179 et
1659 3103 1941 3213 pulueresuper
1955 3105 2085 3184 calida

451 3247 615 3326 cubiculi
620 3245 797 3354 fornace,
816 3247 964 3356 nisurus
988 3277 1061 3336 an,
1088 3264 1127 3326 et
1142 3251 1210 3353 qui
1224 3247 1390 3353 denique
1412 3243 1637 3354 digestionis
1640 3245 1779 3353 sorent
1800 3253 1986 3356 effectus?
2017 3253 2061 3330 V
2056 3255 2087 3328 i·
2151 3219 2156 3226 .

450 3399 555 3499 giuti
580 3410 618 3470 et
644 3395 794 3502 aliquot
816 3393 998 3471 lrorarum
1012 3392 1189 3500 spatium
1214 3390 1279 3467 ubi
1302 3391 1466 3498 elapsum
1481 3389 1584 3498 suit,
1615 3397 1736 3471 tincta
1764 3395 1918 3473 demum
1936 3397 2018 3504 uffa
2040 3395 2093 3500 efl

453 3539 580 3616 colore
603 3539 773 3616 euuiridi
781 3537 957 3639 flauente
981 3563 1084 3643 aqua
1100 3533 1247 3640 fortis,
1271 3535 1401 3610 nullus
1419 3537 1595 3641 deinceps
1620 3537 1843 3615 dubitotoni
1865 3542 1936 3646 effe
1956 3541 2085 3648 posset

455 3685 585 3776 loeus,
593 3681 730 3788 factae
745 3708 818 3788 per·
839 3681 1001 3758 eandem
1022 3679 1206 3787 aliqualis
1215 3679 1445 3787 solutionis.
1473 3682 1690 3766 Decauteui
1706 3699 1786 3760 turn
1795 3681 1971 3781 fluidum
1979 3685 2092 3793 solu-

452 3832 779 3908 tionisamaten'a
794 3821 969 3931 infundo
984 3822 1262 3926 utrsnrescdua,
1281 3824 1434 3929 uafique
1444 3851 1587 3928 magno
1604 3853 1688 3902 meo
1705 3853 1789 3907 cunr
1796 3826 1958 3934 stupore
1969 3856 2087 3938 quam

445 3974 665 4078 firmissime
682 3971 952 4075 adglutinata,
977 3975 1019 4045 in
1036 3995 1109 4046 uas
1126 3969 1240 4046 aliud
1256 3971 1539 4074 mundtfflmum
1551 3998 1567 4056 ,·
1579 3975 1764 4073 guttatim
1785 3971 1944 4078 desuper
1965 3975 2092 4050 oleum

457 4123 600 4196 tartari
615 4143 686 4222 per
704 4115 915 4222 deliquium
941 4113 1000 4190 ad
1002 4114 1291 4220 saturationem
1315 4113 1432 4219 usque'
1456 4110 1582 4216 infudi
1590 4141 1606 4201 ;
1632 4141 1711 4222 qua
1734 4121 1958 4221 operatione
1967 4114 2085 4223 sacta
2175 4103 2183 4132 ¹

458 4269 610 4342 niueum
637 4262 803 4367 denique
819 4247 1117 4364 praecipitatum
1131 4254 1217 4361 suit
1239 4255 1505 4363 Magisterium
1527 4257 1711 4364 plumbi.”
1737 4262 1838 4336 Haec
1860 4262 1949 4338 mihi
1974 4261 2083 4338 Hein-

452 4369 623 4516 staditte.
645 4407 837 4496 Recensui‚
861 4431 1054 4505 quaecum
1073 4409 1210 4477 minora
1229 4406 1370 4500 plumbi
1395 4405 1521 4503 spatost
1538 4403 1751 4478 Corinthiaci
1768 4407 1862 4479 iacta
1882 4374 1958 4482 sunt
1978 4418 2089 4507 expe·

456 4560 628 4642 rimenta3
650 4552 804 4652 paucula
829 4551 929 4637 suut3
954 4551 1014 4624 sed
1045 4551 1132 4647 quid
1159 4550 1320 4648 pluribus
1350 4551 1507 4648 denique
1536 4576 1648 4647 opus,
1674 4551 1820 4648 quando
1844 4553 1904 4626 vel
1929 4577 1975 4626 ex
2001 4579 2090 4651 pau·

460 4704 546 4776 culis
571 4699 627 4772 his
650 4698 731 4772 satir
756 4699 905 4770 demum
931 4714 968 4769 et
995 4696 1041 4768 de
1065 4696 1227 4786 ejusdem
1252 4699 1454 4792 principiis,
1483 4713 1519 4769 ct
1551 4697 1674 4784 certis,
1706 4721 1799 4794 quae
1825 4723 1870 4770 ex
1895 4714 2020 4770 natura
2052 4701 2095 4770 il·

456 4846 525 4918 lius
552 4858 789 4942 premaneat,
818 4841 1121 4939 proprietatibus,
1146 4841 1303 4914 conflare
1328 4841 1468 4937 potest?
1494 4840 1565 4932 Qui
1581 4841 1685 4936 plura
1705 4839 1787 4912 scire
1806 4841 1998 4932 tenderat,
2020 4847 2095 4915 exi·
2125 4932 2128 4940 ι

459 4993 596 5078 mium,
621 5004 660 5061 et
684 4988 790 5060 nobis
820 4983 1066 5058 amiciffimum
1092 4983 1323 5088 lacquinum
1350 4987 1481 5070 adeat,
1521 4987 1583 5081 qui
1616 4985 1812 5056 incredibili
1843 4983 1983 5058 solertia
2011 4989 2095 5082 plus

462 5157 572 5230 quam
604 5148 747 5206 centum
780 5156 861 5203 cum
897 5130 1050 5225 plumbo
1080 5129 1220 5226 spatoso
1254 5129 1481 5201 Corinthiaco
1510 5127 1610 5202 flavo
1643 5132 1891 5228 experimenta
1928 5131 2093 5225 instituit,

461 5301 507 5348 ex
533 5277 662 5374 quibus
691 5277 839 5349 demum
865 5274 1074 5362 innotescit,
1101 5274 1291 5371 plumbum
1317 5273 1497 5368 lpatosum
1522 5275 1660 5350 flavum
1680 5271 1945 5346 Cariuthiacum
1976 5299 2094 5373 neque

462 5418 647 5517 sulphure,
685 5445 804 5522 neque
836 5419 991 5494 arsenico
1024 5425 1082 5511 (ς.
1112 5416 1516 5510 16.)rniueralisatum,
1543 5416 1602 5490 sed
1628 5435 1739 5492 terrae
1766 5417 1945 5516 hucusque
1972 5421 2095 5522 incog·
2175 5399 2182 5416 ⁹

632 5544 635 5548 ’
1206 5541 1209 5544 ’
1621 5555 1650 5627 C
1679 5581 1699 5629 2
