5209 6609
1082 831 1480 868 ω
2055 863 2094 914 u

464 1039 495 1106 ci
512 1040 758 1130 experientia,
779 1059 889 1134 quam
909 1033 1112 1112 Wallerius
1126 1035 1187 1129 (P.
1204 1037 1250 1108 ΙΙ.
1269 1061 1308 1133 p.
1325 1059 1415 1132 3⁰9·
1439 1033 1474 1106 b.
1494 1037 1543 1125 c.)
1568 1031 1629 1106 sub
1647 1037 1795 1106 nomine
1813 1003 2101 1136 plumbispatosr

461 1183 553 1277 nigri
573 1181 759 1275 crystallini
777 1179 978 1261 recensuisse
999 1183 1155 1264 videtur,
1175 1206 1269 1278 quae
1285 1181 1430 1277 reliquis
1458 1180 1657 1276 elegantior
1673 1182 1874 1275 rariorque,
1900 1179 1959 1252 etsr
1979 1178 2101 1280 specu-

443 1325 525 1396 ‘lari
539 1325 692 1421 galenae
714 1329 832 1396 nitore
852 1323 1096 1420 resplendeat,
1115 1330 1192 1396 imo
1212 1325 1395 1396 metallica
1414 1325 1570 1396 consiare
1591 1323 1759 1396 videatur
1775 1324 2005 1412 consrslentia,
2023 1349 2099 1398 me·
2205 1327 2209 1334 ’

462 1470 580 1544 tallica
607 1485 733 1540 tamen
759 1467 1041 1568 haudquaquam
1066 1470 1140 1555 eli,
1181 1469 1240 1542 sed
1266 1473 1411 1555 vitrea,
1445 1483 1483 1540 et
1513 1469 1560 1540 ad
1584 1469 1700 1540 lucem
1727 1467 1892 1562 adspecta
1919 1471 2100 1564 pellucida

461 1629 539 1684 tota
555 1613 615 1701 esl,
633 1611 896 1710 limpidillimae
912 1617 958 1688 ad
970 1613 1073 1686 inllar
1092 1614 1240 1709 crylialli
1258 1629 1467 1685 montanae.
1496 1612 1557 1723 Ad
1573 1613 1753 1708 peculiare
1775 1609 1916 1708 prorsus
1940 1612 2104 1709 phaeno-

388 1785 392 1790 ·
462 1781 609 1858 menon
624 1762 783 1854 primurn
800 1763 992 1842 attonitus,
1010 1760 1147 1840 fatcor,
1172 1757 1286 1839 haefi;
1310 1781 1376 1828 nec
1394 1755 1577 1854 hodieque
1604 1725 1684 1827 satie
1709 1753 1889 1852 assequor,
1918 1758 2103 1832 undenam

460 1906 579 1976 vitreo
601 1901 684 1974 huic
703 1903 856 1998 plumbo
873 1905 1072 1975 metallicus
1093 1905 1153 1976 ille
1172 1899 1337 1975 Galenae
1356 1905 1470 1988 nitor,
1490 1905 1550 1998 qui
1573 1861 1808 1996 pelluciditati
1828 1925 1902 1972 non
1922 1902 1961 1974 lit
1985 1902 2100 1976 obsia-

461 2048 564 2131 culo,
598 2049 658 2118 nili
674 2047 822 2144 quidem
840 2044 1051 2143 superficiali
1068 2046 1249 2118 insitarum
1270 2045 1367 2117 dicas
1388 2045 1537 2142 galena,
1559 2046 1651 2115 illius
1668 2041 1810 2139 prorsus
1828 2048 2024 2134 tenuitatis,
2039 2047 2099 2120 sub

458 2215 532 2290 qua
552 2190 749 2287 diaphana,
772 2206 834 2262 aut
850 2190 1031 2286 pellucida
1053 2188 1121 2261 else
1138 2187 1245 2287 possit
1263 2190 1325 2262 vel
1343 2187 1416 2285 ipsa
1434 2165 1589 2284 galeria,¹
1613 2189 1734 2285 quod,
1761 2204 1842 2260 utut
1860 2190 1974 2287 vulgo
1996 2215 2101 2288 para·
2183 2203 2190 2214 ’

460 2337 602 2408 dorum
622 2351 661 2407 et
682 2334 909 2424 incredibile,
928 2335 1023 2408 adeo
1043 2351 1166 2406 tamen
1186 2331 1377 2404 absurdum
1396 2357 1469 2404 non
1488 2333 1555 2420 ell,
1584 2347 1622 2403 ut
1638 2329 1789 2427 physicis
1822 2336 1943 2428 potius
1977 2335 2101 2408 conso-

458 2504 547 2554 num
564 2481 748 2576 principiis
764 2454 901 2550 dudum
929 2481 1146 2576 agnoverint
1161 2474 1369 2572 philosophi
1392 2499 1537 2562 omnes,
1568 2478 1629 2572 qui
1651 2475 1767 2570 probe
1791 2495 1945 2562 nonrnt,
1972 2501 2101 2576 corpus

458 2623 619 2722 quodvis
639 2620 908 2719 opaciffimum,
935 2622 1106 2716 simulque
1129 2617 1385 2708 denfiffimum,
1409 2623 1447 2690 in
1476 2620 1641 2691 lamellas
1664 2635 1786 2690 tamen
1806 2621 1962 2706 infinite,
1987 2640 2025 2694 ut
2049 2627 2101 2696 ita

461 2767 604 2858 dicam,
626 2784 752 2840 tenues
770 2766 962 2854 discissum,
983 2791 1056 2838 non
1075 2763 1300 2862 diaphanum
1317 2764 1452 2849 modo,
1481 2787 1611 2836 verum
1633 2779 1669 2835 et
1686 2764 1908 2860 pellucidum
1926 2763 2001 2838 sieri
2018 2766 2100 2863 pos·

458 2911 517 3003 se,
535 2917 638 2986 etita
656 2912 763 3007 eapse
782 2912 857 2984 lieri
868 2963 879 2998 ,
898 2913 1109 3006 factumque
1128 2907 1220 2998 effe,
1237 2909 1329 2980 infra
1351 2907 1458 2982 visuri
1478 2906 1607 2983 sumus.

519 3205 700 3305 Superest,
724 3225 774 3295 ut,
796 3210 1007 3306 poliquam,
1031 3231 1126 3304 quae
1151 3205 1198 3278 de
1213 3221 1362 3278 externa
1379 3209 1453 3293 ejur
1471 3202 1566 3274 facie
1581 3201 1649 3274 dici
1665 3219 1856 3301 poterant,
1882 3207 2023 3276 executi
2043 3203 2097 3276 su-

459 3375 564 3438 mus,
584 3359 656 3440 jam
676 3371 713 3425 et
733 3352 816 3440 illa,
834 3377 928 3451 quae
944 3351 1166 3423 intrinsecam
1185 3351 1276 3420 illius
1289 3350 1508 3433 flructurarn,
1526 3371 1579 3428 ac,
1597 3363 1636 3418 ut
1657 3350 1770 3444 vulgo
1794 3349 1912 3420 dicere
1929 3348 2106 3437 solemus,

417 3579 421 3584 p
458 3497 760 3593 eompofitionem
777 3515 814 3571 et
836 3515 1017 3571 texturam
1033 3495 1214 3593 spectant,
1232 3516 1344 3590 quam
1366 3489 1569 3566 brevissime
1601 3491 1818 3586 adferamus.

509 3784 710 3862 Plumbum
726 3789 839 3862 hocce
859 3791 1041 3862 larvarum
1056 3791 1093 3860 in
1122 3789 1282 3884 practico
1299 3788 1515 3858 mineramm
1534 3783 1720 3880 systemaue
1742 3807 1780 3879 p.
1808 3802 1893 3880 194.
1911 3783 2002 3858 dixit
2017 3783 2097 3858 Vo-
2134 3801 2137 3808 ·

451 3929 581 4033 gelius
591 3932 748 4028 Spatum
771 3936 1013 4019 metallicum,
1034 3949 1070 4005 et
1091 3933 1239 4030 quidem
1261 3930 1542 4028 plumbiserum,
1567 3925 1708 4015 album,
1731 3929 1941 4016 cinereum,
1962 3923 2098 4030 aucsu-
2132 4011 2135 4018 ‚

439 4073 575 4180 scum,
590 4074 866 4181 ponderosum,
882 4040 1113 4179 grauulere,
1118 4071 1389 4179 squamosum,
1400 4066 1674 4176 sclustisorme,
1696 4067 1978 4170 rhomboidath
2013 4093 2106 4172 cry-.

442 4217 669 4322 stallinum,
686 4219 751 4295 vel
768 4220 934 4325 denique
949 4215 1149 4320 drusrcum.
1178 4219 1296 4315 Spato
1314 4219 1411 4290 idem
1431 4232 1468 4288 et
1489 4218 1548 4290 alii
1562 4218 1779 4308 jam-multo
1805 4210 2098 4312 ante'compara-

457 4383 560 4450 ruut3
582 4391 649 4439 nec
666 4369 791 4456 injuria
802 4420 813 4454 ,
832 4383 872 4438 ut
889 4366 988 4463 quod
1006 4363 1287 4460 proprietatibus
1315 4333 1404 4460 spati
1425 4385 1536 4460 quarn
1553 4362 1716 4458 plurimis
1732 4361 1908 4460 gaudeat3
1931 4361 1976 4433 de
1994 4361 2098 4432 calcis
2180 4459 2184 4466 Ι

453 4515 551 4582 enim
575 4514 725 4583 materie
741 4517 820 4602 (aut
839 4515 966 4582 intime
988 4535 1070 4582 cum
1090 4533 1136 4582 eo
1154 4516 1292 4597 mixta,
1311 4523 1372 4579 aut
1390 4507 1516 4580 saltem
1533 4505 1729 4603 superficiei
1746 4504 1983 4623 adhaerentq)
2005 4507 2093 4602 quid

455 4671 553 4730 certe
571 4659 785 4752 participat,
807 4655 948 4751 semper
969 4673 1006 4727 et
1019 4654 1129 4726 acidis
1145 4677 1294 4750 quoque
1314 4656 1430 4750 magis
1447 4613 1645 4725 autminus
1664 4665 1836 4724 movetur
1853 4615 2096 4733 mineralibur,

452 4799 674 4873 solutionem
691 4804 726 4871 in
745 4801 832 4886 illis,
851 4799 910 4872 etst
931 4797 1151 4895 quaudoque
1172 4799 1431 4896 perexiguam,
1456 4798 1615 4894 aliquam
1640 4813 1763 4868 tamen
1785 4797 1925 4890 semper
1943 4791 2094 4889 passum.

453 4943 528 5016 Sed
545 4958 583 5018 et
599 4907 635 5016 in
653 4968 700 5016 eo
720 4945 809 5016 illud
829 4967 911 5014 cum
932 4942 1036 5039 spato
1053 4945 1216 5038 apprime
1238 4946 1429 5030 convenit,
1448 4942 1547 5040 quod
1568 4945 1725 5038 partium
1744 4939 1884 5012 suarum
1908 4963 1981 5012 non
1999 4962 2096 5037 vaga

453 5092 605 5188 quavis,
622 5088 683 5162 sed
700 5089 863 5186 singulari
879 5103 917 5161 et
933 5088 1175 5160 determinata
1195 5085 1337 5183 semper
1355 5089 1519 5182 praedita
1536 5088 1582 5160 eli
1595 5087 1720 5186 ligura,
1741 5083 1851 5156 cubos
1868 5099 2008 5169 rectos,
2032 5097 2096 5152 aut

453 5230 653 5308 rhombeos
672 5231 861 5323 referente,
883 5250 945 5306 aut
964 5233 1318 5332 parallelogramma,
1328 5247 1390 5307 aut
1406 5232 1599 5318 selenitica3
1617 5227 1870 5327 superficiebus
1888 5251 1961 5301 non
1974 5225 2091 5322 plania

1624 5373 1654 5448 B
1685 5401 1704 5448 a
