5209 6609
536 920 586 991 ⁶0
1160 916 1553 957 —

536 1112 704 1211 aequalia
720 1128 842 1199 erunt;
869 1130 1008 1187 actum
1027 1114 1197 1215 quidem,
1228 1118 1275 1191 de
1290 1120 1460 1193 univerlis
1478 1082 1624 1219 quoque
1642 1116 2010 1217 parallelogrammis,
2035 1118 2172 1195 alterne

535 1251 694 1351 praecise
709 1252 878 1350 elongata
899 1256 1035 1353 magis,
1051 1236 1188 1329 alterna
1205 1272 1329 1329 contra
1348 1256 1517 1332 breviora
1533 1254 1678 1332 exiliere
1693 1256 1829 1331 necelle
1845 1256 1903 1331 est.
1940 1257 2171 1334 intermixtae

534 1390 591 1465 lais
619 1390 759 1467 duabus
783 1388 1020 1465 varietatibur
1046 1392 1125 1467 sunt
1149 1410 1186 1468 et
1201 1395 1294 1469 aliae
1313 1394 1428 1486 duae,
1453 1394 1601 1492 crystalli
1620 1394 1903 1469 octodecaidrae
1922 1412 1960 1469 et
1978 1394 2074 1493 iphe
2092 1398 2170 1495 qui·

534 1532 620 1605 dem
645 1546 684 1603 et
711 1528 998 1605 sublenriiormes
1024 1534 1157 1621 etiam,
1180 1556 1309 1607 verum
1336 1536 1445 1635 longe
1468 1534 1547 1607 aliis
1573 1536 1793 1631 interceptae
1816 1532 2169 1633 circumscriptaeque

532 1672 665 1771 planis.
691 1670 848 1765 Apicem
869 1668 1050 1767 bafimque
1067 1670 1309 1768 crystallorum
1326 1672 1466 1745 rllarum
1485 1698 1559 1746 non
1578 1688 1780 1773 octogona,
1799 1668 1857 1745 led
1873 1674 2047 1772 quadrata
2065 1696 2171 1747 occu·

395 1832 409 1859 ·
532 1827 601 1911 pat
621 1834 727 1899 area,
749 1808 796 1881 de
818 1812 915 1898 cuius
932 1810 1102 1885 lateribus
1115 1810 1221 1909 supra
1244 1811 1410 1911 initaque
1428 1815 1463 1884 in
1489 1812 1709 1912 proflantem
1725 1832 1958 1885 communem
1974 1812 2090 1885 aciem
2105 1834 2171 1909 pa·

532 1950 825 2048 rallelogramma
843 1948 992 2049 oblique
1010 1966 1224 2048 procurnmt
1239 1950 1402 2025 universe
1420 1966 1522 2039 octo,
1548 1953 1672 2024 omnia
1688 1952 1780 2024 inter
1796 1946 1830 2023 se
1846 1950 2012 2049 aequalia
2029 1966 2171 2041 mutuo,

532 2086 593 2163 l'ed
613 2088 746 2187 fingula
764 2112 847 2161 cum
871 2088 1027 2161 totidem
1057 2090 1261 2189 triangulis,
1285 2092 1361 2179 iarn
1379 2092 1626 2190 aequilateris,
1651 2092 1727 2179 jam
1747 2086 1929 2163 isoscelieu
1945 2088 2170 2179 alternantia,

532 2242 641 2326 prout
657 2250 791 2325 nempe
809 2230 1069 2327 triangulorum
1088 2228 1220 2301 horum
1237 2252 1334 2325 apex
1350 2244 1412 2303 aut
1430 2228 1509 2328 ipso
1526 2231 1562 2301 iu
1579 2228 1713 2327 angulo
1733 2228 1987 2325 quadratamm
2006 2250 2169 2300 arearum

532 2368 764 2456 terminatur,
780 2382 843 2439 aut
860 2368 972 2463 paulo
987 2366 1079 2440 inira
1093 2365 1252 2440 eundem
1271 2368 1496 2465 deprimitur.
1527 2364 1697 2471 Denique
1715 2380 1753 2438 et
1770 2362 2043 2439 hexadecaiidra
2057 2388 2170 2463 angu-

529 2506 575 2579 lis
599 2504 750 2595 decem,
776 2505 947 2604 quamvis
971 2508 1095 2597 unica,
1119 2506 1265 2605 reliquis
1290 2502 1457 2581 immixta
1485 2504 1532 2581 eu
1557 2502 1747 2600 crystallus.
1792 2501 1961 2577 Sedecim
1986 2502 2170 2601 triangulis

532 2644 743 2743 aequalibus
760 2641 939 2717 isoscelieis
955 2643 1047 2720 haec
1061 2644 1214 2737 constat,
1240 2644 1300 2719 seu
1318 2642 1565 2744 pyramidibus
1586 2643 1677 2719 binis
1696 2644 1910 2731 octilateris,
1939 2664 2092 2739 quarum
2108 2639 2169 2715 ba·

532 2782 586 2857 ses
607 2782 740 2881 absque
768 2783 983 2857 intermedio
1002 2782 1171 2881 prismate
1185 2788 1330 2873 junctae
1355 2783 1452 2871 sunu
1482 2800 1523 2857 ut
1544 2784 1638 2857 adeo
1662 2784 1699 2855 in
1716 2786 1849 2880 exiguo
1869 2782 1952 2855 licet
1969 2778 2082 2855 hocce
2099 2780 2171 2853 cal·

538 2924 632 2995 carel
649 2920 781 3019 lapidis
800 2918 908 2996 frusto
927 2924 1166 3021 quintuplicet
1182 2921 1363 3019 eryliellor
1382 2922 1523 3019 plumbi
1542 2918 1668 3019 spatofi
1689 2920 1824 2995 habeas
1839 2918 2098 3007 dilleminatas,
2116 2916 2172 2991 su-

532 3086 599 3159 pra
618 3060 764 3135 crudam
783 3057 960 3158 ipatosam
980 3060 1152 3137 dntlicam
1167 3060 1379 3135 nodulosam
1394 3061 1517 3137 albam
1536 3061 1685 3159 quidem
1703 3076 1740 3133 et
1757 3058 1988 3157 pellucidam,
2004 3056 2064 3133 sed
2076 3082 2170 3136 mar·

531 3226 579 3297 ga
606 3197 971 3273 flauo-fuicescentes
996 3199 1253 3297 deturpatam,
1279 3222 1375 3297 quae
1398 3198 1579 3299 superficie
1596 3202 1781 3299 laevigata
1798 3214 1835 3273 et
1852 3200 1987 3273 nitente
2004 3196 2088 3286 lint,
2109 3220 2170 3273 ce·

533 3342 613 3413 lore
633 3364 723 3416 vero
746 3363 850 3413 cereo
868 3342 1018 3425 tinctae,
1037 3354 1075 3412 et
1089 3336 1305 3435 diapbanae.

1250 3612 1450 3727 XXXI.

533 3901 816 4007 Plumbum
831 3903 1110 4041 spatosum
1139 3894 1553 4035 crystallisatum,
1599 3894 1855 4035 crystallis
1889 3894 2171 3999 octodecae‘·

680 4087 803 4203 dria,
824 4084 1024 4225 partim
1039 4080 1636 4200 aurantiacr'smaximc'r,
1655 4076 2170 4221 partimcitrinirexi·

670 4270 805 4415 guis.
853 4268 984 4377 Tab.
1010 4268 1108 4374 XI.
1134 4268 1250 4411 Fig.
1281 4300 1361 4405 27.

585 4596 650 4675 Et
669 4590 973 4703 eadernsodina.
1072 4661 1078 4671 .

535 4826 750 4955 poeniten
780 4876 950 4977 equidem
975 4878 1143 4949 omittere
1165 4872 1345 4973 specimen
1368 4868 1494 4961 tuboe,
1524 4888 1718 4969 propterea
1747 4868 1846 4967 quod
1866 4864 1955 4941 nibil
1971 4864 2170 4943 admodum

535 5018 646 5109 novi,
669 5016 770 5119 quod
787 5016 924 5091 dictum
942 5014 1106 5089 nondum
1122 5014 1185 5103 lit,
1209 5014 1245 5085 in
1262 5012 1394 5087 eodem
1411 5012 1566 5111 denique
1581 5012 1745 5085 invenire
1760 5008 1818 5093 fin
1835 5023 1996 5081 attamen
2012 5006 2170 5105 penalia·

533 5160 582 5236 ris
604 5158 714 5257 plane
737 5156 899 5249 ejsudem
914 5153 1100 5241 venustas,
1121 5168 1158 5227 et
1173 5152 1414 5249 crystallorum
1430 5149 1774 5227 octodecaednrum
1800 5148 1992 5245 multiplex
2007 5148 2170 5231 omuino,

535 5318 611 5376 tam
634 5302 774 5375 ratione
792 5296 945 5387 coloris,
972 5320 1082 5397 quam
1097 5293 1373 5393 pelluciditatis,
1391 5308 1427 5365 et
1446 5289 1650 5377 soliditatis,
1673 5302 1710 5361 et
1727 5288 1982 5387 magnitudinis
2001 5286 2170 5371 varietas,

537 5460 574 5519 et
601 5442 690 5518 illud
711 5439 852 5527 verbo,
874 5438 976 5537 quod
996 5438 1106 5514 Italus
1122 5460 1175 5511 un
1197 5430 1340 5539 nonsd
1363 5430 1428 5509 cire
1451 5434 1569 5507 dicere
1584 5430 1694 5517 solet,
1716 5429 1891 5529 quodque
1909 5426 2021 5503 oculis
2042 5426 2171 5503 mnu·
