5209 6609
519 876 564 923 22.
1146 836 1527 905 εει-..ξ

518 1068 574 1117 res
593 1042 763 1141 globulos
780 1044 953 1113 coalitum
971 1045 1114 1130 inveni,
1138 1057 1253 1115 certus
1282 1064 1403 1130 eram,
1427 1040 1608 1115 dendritae
1627 1046 1828 1139 quoquein
1853 1039 1948 1116 certe
1974 1060 2011 1115 et
2037 1044 2149 1115 ealce·

517 1185 577 1255 riis
591 1180 772 1281 lapidibus
789 1178 1014 1277 Bieybergae
1032 1179 1268 1253 obvenientes
1287 1182 1455 1279 magnefii
1475 1178 1542 1254 effe
1560 1195 1717 1254 naturae.

567 1461 662 1535 Cum
677 1460 781 1553 hujus
804 1464 876 1553 rei,
890 1464 944 1535 uti
961 1462 1180 1559 reliquorum
1199 1463 1452 1547 inventorum,
1471 1458 1559 1533 nihil
1575 1458 1766 1549 haberem,
1787 1459 1888 1559 quod
1903 1460 2057 1551 celatum
2075 1455 2152 1529 vel·

516 1606 615 1690 lem,
640 1630 731 1677 mox
754 1604 900 1677 ineunte
916 1628 1014 1677 anno
1036 1616 1123 1691 ¹78¹
1154 1603 1202 1675 ad
1224 1600 1428 1675 Dominum
1451 1602 1496 1675 de
1525 1596 1718 1706 Honstodt
1736 1600 1829 1675 hanc
1854 1601 2152 1675 observationem

517 1738 709 1837 perscripii,
726 1762 748 1809 a
765 1764 842 1836 quo
860 1748 944 1814 eo*
961 1737 1144 1811 Februarii
1168 1737 1316 1835 sequens
1331 1736 1535 1837 responsum
1550 1740 1682 1835 accepi.
1711 1726 1975 1835 ,Magnefinm
2003 1734 2157 1819 (intelli-

517 1892 584 1967 ge:
610 1866 860 1965 Magnesrurn)
884 1862 1198 1971 Bleybergensem
1228 1862 1298 1939 tibi
1312 1868 1396 1964 jorn
1422 1863 1569 1939 dudum
1592 1860 1816 1963 innocuiffe,
1846 1886 1930 1937 cum
1952 1860 2156 1937 dendritoe

517 1994 669 2105 nostroe
690 2014 817 2074 cretae
844 2014 882 2073 et
907 1998 1033 2103 lapidi
1055 1999 1228 2073 colcoreo
1252 1993 1456 2101 inscriptae
1483 2022 1534 2072 ex
1558 1990 1751 2100 magnesto
1774 1990 1962 2091 eonstent:
1984 1993 2031 2070 id
2052 1998 2157 2099 eqni-

518 2129 606 2207 dem
627 2155 706 2205 non
725 2155 917 2233 negavero
926 2158 943 2217 ;
967 2144 1011 2205 ot
1029 2156 1080 2205 ex
1099 2133 1215 2217 meis,
1243 2140 1343 2232 quoe
1371 2155 1454 2205 eum
1486 2144 1591 2204 creta
1615 2124 1705 2203 alba
1724 2122 1891 2229 institui,
1918 2129 2157 2228 experimen-

518 2266 593 2353 tis,
612 2262 659 2337 ill
726 2289 778 2339 ee
792 2258 906 2364 serro
931 2232 1104 2365 constare
1118 2260 1277 2334 edoctus
1286 2259 1390 2366 snm.
1431 2256 1485 2335 Id
1505 2264 1606 2335 enim
1626 2254 1843 2361 nonsolnm
1865 2282 1916 2331 ex
1931 2262 2023 2332 vitri
2044 2255 2156 2335 bora·

518 2398 575 2469 eir
593 2392 721 2470 colore
735 2390 829 2467 milri
848 2396 1038 2477 innotuit,
1043 2389 1123 2494 sed
1124 2386 1279 2494 serrum
1298 2388 1421 2496 ipsum
1439 2388 1598 2465 obtinui.
1636 2384 1775 2463 Boron
1792 2412 1875 2463 cnm
1894 2390 2052 2495 aequali
2066 2418 2157 2495 par-

519 2538 557 2601 te
582 2538 710 2599 cretae
726 2518 843 2627 susus
867 2528 1009 2598 vitrum
1039 2518 1214 2597 exhibuit
1232 2518 1518 2625 perpulchrum,
1544 2515 1801 2621 pellucidum,
1828 2542 1880 2592 ex
1886 2513 2000 2614 flavo
2019 2518 2158 2607 viride,

519 2652 739 2762 chrysolithi
750 2652 923 2761 speciem
953 2649 1131 2757 reserens.
1166 2646 1222 2724 At
1248 2630 1399 2724 borneis
1424 2674 1509 2723 cnm
1535 2650 1663 2723 muria
1688 2648 1903 2731 communi,
1927 2646 2043 2751 vulgo
2071 2644 2159 2723 Sale

520 2786 706 2873 colinari,
714 2781 821 2887 fusto
839 2806 981 2857 novum
998 2779 1155 2887 prorsus
1164 2778 1456 2883 phoenomenon
1477 2776 1672 2865 exhibuit,
1704 2774 1767 2853 vel
1785 2772 1833 2851 ab
1853 2774 1932 2883 ipso
1956 2778 2157 2855 POTYirr

522 2912 1000 2991 LITHOGEOGNOSIA
1019 2908 1322 3017 proetervrjum
1345 2926 1460 3017 neque
1486 2910 1578 2991 inde
1603 2906 1725 2985 didici
1746 2924 1889 2983 cretam
1915 2906 2158 3015 bieybergen·

506 3047 595 3157 sem
619 3071 645 3125 o
674 3063 780 3123 creto
805 3044 961 3151 anglico
985 3044 1127 3141 mojori
1139 3035 1243 3143 serri
1267 3046 1402 3145 eopia,
1435 3064 1535 3146 quoe
1559 3038 1753 3117 dendritis
1783 3036 1895 3144 inni,
1924 3042 2158 3145 potiffirnnm

522 3179 687 3283 defflere
720 3176 770 3251 In
788 3172 979 3251 crucibulo
1004 3170 1160 3277 maffom
1182 3174 1312 3247 inveni
1320 3170 1602 3279 flavescentem,
1619 3170 1883 3277 granularem,
1905 3187 2159 3275 compactam,

516 3334 589 3413 per
604 3320 726 3382 totam
736 3301 979 3410 steperficiem
1000 3297 1269 3400 infidentibns,
1286 3306 1430 3405 nigris,
1452 3297 1801 3404 retractoriirserri
1827 3296 2015 3405 crystallis
2040 3300 2158 3379 obdu·

522 3454 636 3515 etam,
662 3434 815 3540 Repetii
833 3438 1147 3538 experimentum,
1164 3432 1284 3537 moffo
1301 3431 1372 3509 hoc
1391 3438 1431 3509 ire
1443 3432 1638 3536 pulverem
1654 3430 1825 3523 redacta,
1842 3446 1959 3537 acque
1977 3438 2017 3507 in
2027 3430 2153 3536 sterno

517 3592 590 3673 per
590 3563 886 3672 sffqninlternm
910 3562 1045 3638 boram
1068 3558 1349 3666 nonoesnstorzi
1367 3560 1597 3669 expositam,
1615 3560 1718 3637 idem
1722 3558 1852 3665 serrne
1858 3561 2026 3667 secundi
2049 3564 2160 3666 liujus

523 3698 778 3801 experimenti
803 3718 888 3769 cum
912 3697 1038 3795 priori
1061 3690 1236 3795 effectum
1263 3693 1383 3797 moffo
1405 3696 1545 3797 *magis
1572 3706 1795 3795 compacto,
1828 3707 1914 3767 tota
1929 3689 2161 3797 superficies

511 3826 625 3937 serro
645 3822 839 3911 obducta,
859 3828 967 3900 nitor
982 3838 1115 3899 tamen
1136 3824 1339 3931 obscurior.
1365 3824 1479 3932 Hrjee
1485 3821 1590 3930 ferri
1599 3822 1781 3927 granulis
1801 3848 1886 3899 cum
1913 3822 2052 3900 horoce
2059 3821 2163 3927 sirsrr

522 3956 751 4065 viridescere
773 3960 916 4033 vitrum
934 3950 1096 4033 obtinui.
1123 3950 1255 4031 Etiam
1272 3958 1341 4031 via
1358 3954 1521 4033 Ιιιιηιὶᾱα
1538 3958 1842 4061 experimentum
1858 3954 2005 4059 institui
2013 3982 2030 4040 ;
2054 3970 2160 4033 creto

523 4088 620 4165 hoec
636 4084 1016 4195 aquosortisoirrto‚
1034 4105 1141 4191 aquo
1159 4093 1353 4164 communi
1375 4088 1526 4173 diluto,
1548 4104 1585 4165 et
1602 4088 1958 4195 lieioiosongninb
1972 4094 2160 4195 proecipi-

524 4238 636 4311 toto‚
653 4220 868 4299 caeruleum
888 4215 1133 4325 Bero‘lirterffe
1151 4218 1337 4297 exhibuit.
1362 4218 1473 4297 Haec
1489 4216 1893 4311 HANSTADTIUS,
1917 4226 1972 4297 eui
1992 4222 2075 4299 sene
2093 4250 2161 4323 pro

526 4366 673 4443 eruditis
686 4366 944 4463 experimentis
959 4362 1342 4460 observationibusque
1360 4386 1511 4464 magnes
1536 4364 1654 4441 debeo
1679 4368 1831 4463 gratias,
1862 4366 1947 4439 lieet
1969 4366 2163 4443 sententiae

527 4524 565 4581 et
583 4502 839 4579 tentaminibue
863 4504 953 4575 meis
969 4504 1046 4573 vim
1066 4502 1224 4575 adimere
1246 4520 1439 4599 nequeant.
1476 4504 1641 4577 Picturar
1666 4502 1881 4579 dendriticee
1910 4504 2055 4581 cuttetto
2084 4507 2163 4581 dili·

528 4658 653 4743 genter
668 4666 690 4713 a
707 4658 803 4713 creta
822 4640 964 4730 deradi,
987 4658 1024 4715 et
1048 4666 1129 4714 eum
1149 4642 1280 4713 boraee
1305 4644 1340 4711 in
1361 4644 1486 4735 prunis
1508 4642 1633 4717 tubulo
1650 4644 1962 4732 ferruminatorio‚
1985 4648 2072 4719 itern
2101 4646 2166 4719 bo·

528 4802 650 4853 recem
669 4778 773 4877 super
790 4780 912 4877 lapide
933 4782 1083 4853 calcario
1108 4781 1224 4875 (eoin
1243 4780 1350 4867 ioco,
1370 4804 1443 4878 quo
1459 4806 1592 4881 magna
1619 4784 1863 4857 dendritarum
1887 4780 1981 4855 adest
1999 4788 2070 4873 vis)
2100 4791 2164 4859 im·

529 4918 687 4993 mediate
708 4918 811 4992 fundi
836 4918 1027 5015 oponuiiie
1046 4918 1176 5007 eredo,
1202 4943 1277 4991 non
1294 4942 1383 4991 vero
1401 4938 1534 4993 cretam
1561 4920 1671 5019 ipsam
1703 4946 1785 4995 eum
1811 4925 1931 4996 multis
1957 4927 2031 5013 ejus
2056 4926 2164 4999 flentis

528 5056 751 5157 ferrugineas
768 5058 999 5155 pauculirque
1014 5055 1140 5153 panim
1158 5056 1278 5153 sparte
1294 5059 1465 5133 dendritis
1484 5062 1603 5147 irmul;
1617 5078 1712 5135 certe
1728 5076 1811 5135 tunc
1828 5060 2074 5161 hyacinthino,
2091 5090 2165 5139 non

531 5192 734 5293 chrysolithi
751 5198 874 5269 colore
901 5198 1050 5270 tinetrun
1084 5194 1240 5297 eveirsset
1266 5198 1405 5273 borneis
1424 5204 1567 5273 vitrum.
1605 5200 1652 5273 Et
1669 5226 1743 5301 quo
1764 5220 1872 5301 pacto
1898 5204 1979 5277 iiiae
2009 5206 2043 5276 in
2072 5220 2164 5277 creta

532 5350 607 5409 tam
630 5358 753 5423 rarae,
777 5352 987 5431 pertenues,
1007 5333 1201 5431 superficiei
1217 5340 1313 5435 quati
1337 5336 1516 5411 inhalatae
1543 5337 1699 5413 stellulae
1723 5342 1941 5417 dendritieae
1970 5358 2043 5419 tam
2073 5343 2161 5415 mul·
