5209 6609
980 777 1453 883 *Q
1959 805 2080 878 <¹⁰3

441 978 570 1069 ficiali,
588 978 636 1051 ad
661 983 875 1056 tenuitatem
895 993 1213 1078 quantumcunque
1230 983 1402 1080 exiguam
1424 981 1589 1088 redacta,
1615 977 1746 1052 iisdem
1771 975 1952 1054 instratus
1980 975 2081 1057 Exe-

442 1130 539 1217 quar'
558 1117 674 1191 modo
702 1119 943 1215 crystallorum
973 1118 1129 1209 harum,
1160 1117 1222 1191 sub
1248 1120 1377 1216 quibus
1406 1118 1496 1192 mihi
1526 1118 1700 1193 hactenus
1732 1117 1828 1192 visae
1855 1117 1934 1192 sunt
1947 1171 1960 1211 ,
1988 1121 2081 1217 ligu-

439 1284 501 1337 raa
523 1259 733 1342 nonnullam
756 1260 936 1358 regulares
956 1258 1143 1356 sequentes
1167 1256 1264 1330 sunt:
1291 1257 1935 1366 Heragonoprismatica'prollrata
1960 1270 2083 1358 (φα
2152 1303 2156 1316 ,

441 1397 636 1493 cylindrica
652 1394 719 1468 elle
737 1397 901 1490 videtur)
928 1395 987 1469 seu
1004 1395 1182 1490 crystallus
1196 1396 1432 1494 aequabiliter
1449 1398 1485 1466 in
1510 1396 1661 1494 longum
1685 1395 1881 1493 producta,
1908 1400 2081 1498 utrinque

441 1549 605 1607 truncata
624 1550 661 1606 et
681 1551 765 1606 octo
779 1536 896 1632 planis
914 1537 1125 1622 terminata,
1142 1558 1296 1631 quorum
1316 1535 1412 1622 duo,
1430 1501 1517 1604 basis
1534 1538 1701 1610 nimirum
1715 1551 1752 1608 et
1769 1551 1916 1628 vertex,
1936 1562 2002 1634 per
2021 1557 2079 1615 to·

440 1693 520 1746 tarn
538 1672 803 1772 longitudinem
822 1698 845 1744 a
862 1672 897 1745 se
915 1673 1073 1745 inuicem
1091 1671 1240 1762 dillant,
1266 1674 1453 1772 aequalia,
1483 1676 1679 1770 parallela‚
1711 1672 1926 1775 hexagona,
1954 1680 2079 1754 lateri.

440 1811 508 1884 bus
530 1829 593 1886 aut
618 1814 785 1885 omnibus
812 1810 1021 1909 aequalibus
1035 1862 1047 1899 ,
1073 1825 1139 1894 aut,
1163 1811 1307 1884 alternis
1333 1813 1579 1912 longioribus,
1605 1817 1742 1912 reliqua
1767 1839 1856 1889 vero
1883 1816 1942 1890 sex
1967 1821 2079 1916 plana

440 1953 604 2026 lateralia
629 1951 785 2024 totidem
809 1941 1170 2048 parallelogramma,
1195 1966 1257 2023 aut
1284 1955 1409 2026 omnia
1434 1955 1617 2051 aequalia,
1639 1971 1700 2028 aut
1718 1955 1856 2028 alterna
1877 1957 2080 2054 angustiora
2125 2005 2127 2010 ·

442 2091 628 2189 effingunt.
654 2089 758 2162 Solet
775 2104 898 2160 autem
917 2087 1341 2186 parallelogrammorum
1369 2095 1499 2180 unum,
1525 2093 1740 2190 plerumque
1765 2096 1942 2183 anterius,
1972 2096 2080 2195 saepe

418 2231 522 2302 mia
536 2228 595 2301 seu
612 2226 708 2299 srrlco
726 2227 842 2300 subtili
858 2251 925 2322 per
940 2237 1058 2300 totam
1074 2223 1341 2324 longitudinem
1357 2213 1524 2324 ir'nprello
1543 2249 1730 2306 exaratum
1748 2229 1827 2307 ess'e.
1853 2231 2000 2326 Rarius,
2018 2213 2080 2310 sed

442 2388 566 2444 tamen
586 2368 739 2459 occurrit
757 2368 869 2438 etiam
889 2365 1068 2460 eryllallua
1085 2363 1384 2459 parallelepipedi
1403 2368 1532 2442 sorma.
1568 2369 1765 2444 Selenitleo
1777 2369 1992 2464 ·decaiidras
2013 2377 2080 2452 ali.-

380 2598 387 2619 .
441 2523 535 2606 quot
551 2505 679 2579 itidem
696 2503 794 2588 vidi;
821 2519 860 2576 at
875 2528 950 2582 non
966 2503 1028 2576 nili
1048 2523 1158 2576 unam
1175 2501 1377 2577 alteramve
1395 2505 1719 2599 octodecaedram,
1740 2532 1834 2608 quae
1849 2526 1971 2586 tamen
1994 2537 2080 2610 per·

381 2624 390 2653 '
440 2667 553 2744 quam
569 2647 740 2742 frequens
758 2645 851 2716 inter
866 2641 1048 2738 crystalloa
1060 2638 1204 2738 'plumbi
1227 2640 1355 2737 spatoli
1376 2642 1465 2716 llavi
1486 2643 1553 2718 esse
1571 2645 1672 2720 solet.
1697 2645 1933 2748 irregulares,
1950 2646 2008 2722 seu
2023 2652 2078 2724 in·

396 2750 399 2757 .
438 2785 603 2858 ordinate
620 2782 818 2881 polyedras
829 2783 913 2878 ‚quis
935 2777 1139 2857 recenseat?
1152 2779 1468 2876 pleraequesrurt,
1486 2799 1596 2881 utque
1612 2785 1782 2872 lateribus
1802 2803 1839 2860 et
1857 2791 2008 2886 angulis,
2027 2792 2079 2863 ita

437 2923 688 3026 magnitudine
698 2943 846 3018 quoque
856 2921 1016 2994 maxime
1026 2917 1242 2995 differenter.
1265 2916 1824 3018 Mirumae'quaeria-videuturl.
1837 2924 2079 3024 XLAE'iggg.

435 3065 530 3136 inter
555 3058 738 3135 interstitia
763 3056 907 3153 plumbi
933 3055 1058 3154 spatoli
1087 3056 1282 3146 reticulati,
1313 3075 1350 3131 et
1372 3051 1562 3134 univerfim
1578 3065 1615 3132 in
1630 3065 1761 3160 galena
1777 3063 1878 3138 erosa
1899 3063 2077 3160 Rablenfi,

437 3204 607 3301 quamvis
623 3217 661 3274 et
676 3201 714 3270 in
724 3195 975 3295 Bleybergenli
984 3195 1123 3293 saepius
1133 3190 1329 3274 occurrant.
1347 3195 1548 3270 Plurimum
1567 3198 1799 3276 heteroclitae
1818 3203 1864 3276 ab
1882 3206 1982 3276 omui
1999 3227 2076 3302 cry·

436 3339 662 3413 llallisatione
678 3335 864 3431 hueusque
879 3353 968 3410 nota
984 3335 1208 3428 aberrantes,
1227 3335 1294 3411 hac
1310 3352 1433 3443 tamen
1451 3339 1487 3408 in
1503 3336 1619 3433 specie
1643 3339 1846 3414 admodum
1871 3343 2077 3444 frequente?

437 3481 523 3554 illae
539 3477 638 3566 sunt,
655 3501 748 3574 quae
766 3478 868 3548 cunei
884 3473 1034 3569 superne
1048 3477 1209 3571 inparte
1227 3478 1348 3552 latiori
1372 3442 1508 3562 inanis,
1522 3489 1597 3548 aut
1622 3477 1646 3548 li
1672 3480 1793 3551 mavis
1810 3478 1888 3552 libri
1907 3481 1990 3575 plus
2007 3487 2075 3574 mi-

437 3642 553 3692 nusve
570 3618 706 3714 aperti,
720 3615 851 3686 faciem
868 3610 1015 3685 habent.
1041 3611 1157 3686 Sume
1175 3614 1248 3686 duo
1264 3613 1620 3711 parallelogramma,
1638 3630 1701 3688 aut
1719 3605 1830 3689 etiam
1844 3619 2075 3717 parallelepi-

436 3757 557 3854 peda,
584 3779 658 3827 non
686 3750 887 3827 admodum
909 3749 1036 3843 crassa,
1055 3754 1119 3827 vel
1141 3751 1298 3849 denique
1315 3751 1496 3848 crystallus
1520 3750 1621 3824 binas
1641 3749 2074 3862 selenitico·decaddras;

436 3899 547 3992 junge
563 3894 624 3966 illa
642 3894 702 3966 vel
717 3890 784 3964 has
801 3913 876 3962 uno
895 3914 1023 3962 eorum
1039 3892 1151 3964 latere
1168 3889 1232 3964 sub
1248 3890 1383 3990 angulo
1399 3891 1530 3988 quovis
1548 3905 1676 3974 acuto;
1692 3891 1716 3962 li
1729 3894 1825 3981 jam,
1842 3891 1903 3964 ubi
1920 3918 2073 3970 conver·

439 4049 529 4134 gunt
542 4048 684 4124 mutuo,
700 4033 737 4102 in
754 4031 850 4101 linea
863 4031 1047 4117 juncturae
1066 4030 1249 4100 communi
1268 4025 1430 4101 connasci
1444 4027 1592 4102 easdem
1609 4027 1738 4100 saciat:
1756 4027 1933 4125 crystallos
1952 4039 2073 4107 cnnei·

390 4141 397 4148 .
439 4174 597 4265 formes,
613 4168 767 4270 superne
782 4170 930 4255 inanes,
947 4167 1130 4264 qualerin
1147 4165 1262 4264 figura
1276 4165 1324 4239 ad
1344 4167 1438 4239 latur
1457 4163 1633 4264 expressas
1649 4163 1783 4257 habet,
1802 4157 1925 4269 magit‘
1937 4175 2071 4252 minue-

416 4317 420 4322 '
441 4335 490 4388 ve
503 4326 666 4409 apertat,
684 4305 799 4382 enasci
815 4306 1003 4404 intelliges.
1029 4305 1235 4380 Anomalos
1254 4304 1338 4378 dein
1356 4324 1489 4379 cuneos
1506 4324 1639 4378 vocare
1655 4303 1755 4379 soleo
1776 4307 1871 4399 illos,
1892 4309 1979 4384 dum
1996 4288 2072 4408 cru·
2192 4323 2194 4335 '

439 4451 556 4524 ballue
577 4437 981 4521 alluminari-ocladdra
998 4445 1063 4518 vel
1080 4445 1192 4519 etiam
1209 4440 1440 4517 dodecaedra
1459 4457 1497 4516 et
1516 4423 1777 4519 octodecaedra
1804 4449 1863 4534 (in
1889 4443 1919 4548 §-
1936 4447 2072 4526 XLIV.

437 4589 655 4681 recensitue),
673 4584 829 4666 excisum
845 4583 994 4682 superne
1010 4581 1123 4657 babet
1139 4585 1308 4679 utrinque
1324 4580 1505 4656 declivem
1521 4583 1798 4680 profundiorem
1811 4581 1988 4680 gaudem,
2009 4593 2071 4688 qui

439 4732 551 4830 priori
569 4729 607 4798 in
631 4725 710 4800 casu
731 4748 807 4798 nou
832 4727 1050 4820 interruptus
1066 4723 1283 4820 aequalique
1300 4719 1554 4822 profunditate
1569 4719 1696 4795 ambae
1711 4725 1895 4822 contiguas
1909 4730 2071 4823 pyrami·

441 4871 526 4959 dea,
540 4866 726 4968 posteriori
745 4886 834 4938 vero
849 4859 928 4934 casu
945 4859 1057 4936 tribur
1077 4859 1216 4933 vicibus
1237 4856 1412 4956 abruptus
1431 4863 1520 4956 (per
1537 4875 1728 4958 utramque
1747 4859 1874 4935 scilicet
1889 4862 2070 4939 declivem
2148 4884 2169 4910 “

437 5006 671 5111 pyramidem
688 5018 727 5076 et
740 4996 995 5077 intermedium
1009 4995 1155 5098 prisma)
1174 4995 1374 5093 crystallum
1388 4997 1696 5097 longitudinaliter
1711 5006 1893 5099 percurrit.
1918 5002 2070 5078 Addam

439 5147 617 5245 denique,
633 5143 854 5219 metallicum
873 5141 975 5214 illum
992 5136 1281 5236 resplendentem
1298 5139 1455 5210 nitorem
1474 5160 1736 5236 nonnunquam
1751 5143 1819 5215 toti
1836 5141 1996 5238 crystallo
2015 5141 2070 5250 su·

437 5287 692 5384 perinductum
718 5281 807 5370 else,
830 5275 1012 5352 interdum
1037 5299 1129 5349 vero
1143 5297 1218 5348 non
1235 5275 1296 5346 nili
1316 5297 1382 5370 per
1397 5271 1563 5370 suprema
1580 5277 1711 5366 latera,
1747 5295 1811 5354 aut
1832 5282 1869 5352 in
1890 5284 2065 5356 varietate

441 5425 653 5502 cuneisormi
671 5421 785 5494 solum
800 5441 866 5516 per
882 5417 1078 5513 ancipitem
1092 5415 1211 5488 aciem.
1222 5411 1460 5511 marginalem
1476 5413 1630 5488 laterum
1644 5413 1713 5490 sese
1729 5415 1936 5494 diffundere.
