5209 6609
1001 865 1389 926 εε-ε-..ε
1790 937 1793 946 ,
2012 905 2055 972 4,

1180 1059 1302 1166 XV.

427 1347 1011 1488 Plumbumspotoficm,
1045 1350 1205 1453 dt'lute
1223 1352 1484 1472 citrinum,
1518 1357 1854 1491 lanzellcfiem,
1887 1363 2059 1468 lomel-

568 1532 971 1672 lirstmplicibuc
992 1536 1281 1672 quadratu,
1309 1538 1658 1676 pentagonis„
1657 1543 2059 1686 ficbhenogonis·

572 1719 1104 1856 que,semipellncidir
1121 1755 1248 1822 orco
1270 1723 1505 1837 cenerati,
1516 1725 1907 1865 perspicuoque
1930 1733 2059 1836 citri·
2157 1866 2162 1878 a

570 1903 674 2019 nce,
705 1904 899 2003 annulo
926 1905 1220 2007 intermedio
1256 1907 1566 2008 comentrico
1598 1910 1804 2043 obscure
1829 1913 2058 2050 hyalino·

562 2086 832 2224 pellucido.
890 2090 1020 2191 ch.
1058 2091 1115 2190 V.
1138 2091 1253 2227 Fig.
1291 2124 1368 2191 12.

351 2503 357 2514 ,
476 2417 542 2494 Ec
561 2416 598 2494 S.
616 2415 809 2492 Matthaei
819 2413 1093 2523 sodinosuper
1109 2443 1247 2521 margo
1265 2417 1475 2522 argilloceo
1496 2417 1767 2498 albo-cinereo
1785 2443 2022 2505 wnunenu.

424 2645 604 2796 Elegans
616 2717 655 2772 et
667 2699 757 2771 hae'c
776 2702 945 2785 varietas,
963 2715 1110 2796 tamque
1127 2699 1286 2797 elegans,
1306 2723 1416 2794 quam
1438 2721 1525 2770 rara.
1553 2699 1705 2772 Unicum
1727 2700 1907 2798 specimen
1926 2705 2054 2783 hucus-

424 2867 494 2940 que
513 2810 603 2915 milri
620 2842 747 2916 risum.
786 2843 875 2915 Non
892 2841 996 2936 snper
1010 2843 1156 2935 lapidea
1171 2842 1320 2916 fodinae
1347 2842 1385 2915 S.
1405 2842 1587 2914 Matthaei
1607 2843 1773 2916 conflicta
1801 2855 1968 2940 matrice,
1996 2853 2056 2926 ted

422 2991 650 3063 inridentibus
677 3008 790 3064 terrae
810 2991 991 3062 calcareae
1019 2990 1145 3086 argilla
1165 2991 1292 3060 intime
1315 2957 1451 3061 mixtae
1477 2984 1714 3090 Cronstedtt5
1734 2958 1895 3091 'mergae
1924 2996 2055 3072 scilicet

420 3130 729 3228 albino-griseae,
748 3147 851 3204 extus
865 3134 943 3202 luto
965 3133 1097 3226 pariter
1115 3153 1306 3226 margaceo
1324 3129 1529 3226 ferrugineo
1547 3129 1653 3202 rubro
1674 3130 1869 3224 obductae,
1900 3137 2055 3210 lamellis

420 3277 640 3382 iubtquavis
667 3279 897 3351 inclinatione
922 3280 1069 3364 erectis,
1094 3275 1328 3372 implicibus,
1353 3277 1571 3362 tenerrimis,
1600 3275 1810 3374 diaphanir,
1848 3282 2054 3371 nitentibus,

422 3427 645 3523 aggregatis,
674 3425 890 3510 directione,
915 3423 1185 3520 magnitudine,
1212 3439 1250 3494 et
1268 3422 1587 3518 circumscriptione
1616 3423 1878 3516 differentibus,
1902 3430 2054 3524 quadra·

419 3573 483 3657 ris,
508 3567 775 3656 rhomboideis,
799 3572 1036 3664 pentagonis,
1060 3582 1097 3638 et
1113 3567 1315 3638 inordinate
1332 3565 1548 3663 hexagonis:
1576 3565 1880 3658 Characteriiiica,
1907 3595 1978 3666 qua
1999 3574 2052 3642 in·

418 3734 474 3789 ter
489 3739 619 3788 omncs
631 3713 666 3788 se
682 3707 871 3813 distingunt
889 3715 1000 3802 alias,
1026 3737 1068 3785 ca
1087 3714 1282 3786 earundem
1302 3713 1350 3786 eii
1368 3677 1475 3802 rota,
1494 3714 1613 3810 quod,
1632 3739 1714 3787 curn
1736 3717 1861 3788 citrino
1890 3735 2049 3792 caetero·

419 3861 583 3959 quin-int
609 3863 727 3932 colore
753 3865 905 3947 tinctae,
931 3861 1102 3930 annulum
1129 3875 1251 3930 tamen
1279 3862 1315 3929 in
1342 3859 1464 3929 media
1491 3857 1573 3929 disci
1601 3884 1682 3930 area
1710 3862 1802 3930 inter
1827 3877 1986 3934 centrum
2014 3880 2050 3937 et

418 4008 660 4108 periphcniam
682 4004 858 4091 habeant,
887 4004 948 4098 ipii
977 4007 1146 4098 cujusque
1171 4002 1339 4074 lamellae
1365 4003 1552 4098 polygono
1572 4004 1678 4098 plane
1700 4003 1870 4092 similem,
1898 4031 2049 4079 concen-

417 4165 544 4236 tricum
567 4173 602 4229 et
619 4155 850 4252 parallelum,
869 4149 1096 4236 dii'colerem3
1124 4149 1183 4221 seu
1199 4148 1297 4246 quod
1317 4149 1413 4221 idem
1432 4147 1498 4235 est,
1521 4173 1593 4222 non
1615 4153 1797 4238 ciminum,
1811 4150 1886 4224 'sed
1911 4177 1958 4224 ex
1982 4153 2047 4226 ob·

416 4308 531 4380 soleto
550 4302 688 4372 luteolo
712 4298 897 4393 hyalinum
908 4349 918 4382 ,
942 4297 1106 4394 majoris,
1130 4317 1239 4389 quam
1258 4319 1352 4391 quae
1373 4298 1407 4367 in
1425 4296 1559 4392 reliqua
1581 4295 1618 4366 fit
1637 4295 1802 4381 lamella,
1820 4311 2047 4392 transparen·

415 4455 509 4538 tiae,
537 4445 768 4545 pellucidum.
803 4443 990 4514 Lamellae
1018 4440 1150 4512 exinde
1175 4439 1348 4522 exiliunt,
1377 4462 1528 4538 quarum
1556 4463 1640 4510 area
1668 4441 1830 4551 centralis
1861 4439 2047 4534 quadrata,

416 4594 678 4679 rhomboidea,
698 4606 956 4688 pentagonave
975 4585 1042 4672 eii,
1069 4575 1322 4656 dilute'citrina
1338 4599 1374 4654 et
1393 4583 1594 4678 diaphnna3
1622 4607 1731 4680 quam
1756 4580 1955 4654 latiusculus
1982 4609 2046 4656 un·
2196 4641 2204 4650 ,

419 4744 530 4838 dique
549 4741 658 4836 cingit
673 4737 824 4808 annulus
841 4759 886 4805 ex
905 4735 1004 4802 luteo
1019 4730 1205 4825 hyalinus,
1228 4729 1448 4825 pellucidns,
1480 4745 1517 4800 et
1536 4727 1610 4827 ipse
1628 4727 1841 4825 quadratus,
1860 4725 2047 4799 rhomboi-

420 4887 529 4972 deus,
554 4899 616 4955 aut
640 4897 894 4978 pentagonus,
919 4877 1078 4972 margine
1097 4871 1225 4969 etipse
1244 4873 1520 4968 circumscriptus
1539 4869 1721 4945 latiusculo
1739 4871 2046 4947 circumferentiali
2187 4889 2194 4902 ·

419 5030 617 5132 quadrato,
632 5026 895 5114 rhomboideo,
922 5038 984 5096 aut
998 5035 1229 5117 pentagono,
1250 5014 1309 5089 sed
1329 5021 1454 5090 citrino
1473 5017 1605 5090 rursum
1628 5044 1667 5091 er
1683 5016 1963 5114 semipellucido.
