5209 6609
533 809 581 884 16
995 808 1560 848 ·---—-

529 1011 633 1083 ratio
652 1033 712 1082 me
730 1011 922 1107 perduxit,
943 1013 1045 1109 quad
1060 1012 1238 1096 calcareas
1258 1013 1372 1110 lapis,
1401 1014 1457 1087 eni
1476 1015 1577 1088 flava
1592 1011 1684 1086 haec
1706 1014 1862 1087 varietas
1886 1012 1976 1086 solet
1997 1015 2164 1103 irridere,

528 1154 814 1229 rubro-flavente
842 1159 966 1255 argilla
985 1160 1200 1256 plerumque
1222 1159 1380 1231 obducta
1396 1160 1456 1248 tit,
1485 1183 1578 1257 quac
1608 1184 1689 1232 cum
1717 1183 1812 1256 aqua
1839 1159 1923 1230 forti
1950 1158 2167 1246 effervescit,

529 1305 619 1379 tubo
635 1303 927 1378 fernuninatorio
944 1303 1128 1392 funditur,
1143 1321 1253 1402 atquc
1270 1302 1354 1377 hinc
1374 1303 1501 1402 argilla
1517 1306 1691 1377 martialis
1713 1302 1888 1376 censenda
1911 1305 1971 1376 en.

581 1597 630 1672 Ut
649 1595 695 1670 n'e
715 1613 839 1668 tamen
857 1599 894 1667 in
912 1621 974 1684 re,
996 1621 1070 1675 non
1098 1594 1264 1670 teviffimi
1285 1615 1381 1672 certe
1397 1601 1601 1684 momenti,
1622 1595 1822 1696 quidquam
1839 1621 1885 1668 ex
1906 1595 2070 1693 tripode,
2091 1596 2169 1668 imo

531 1765 667 1828 temere
691 1747 802 1818 etiam
826 1744 1035 1827 statuerem,
1063 1731 1109 1816 ad
1126 1747 1284 1817 amicum
1300 1742 1507 1820 Dominum
1532 1743 1581 1818 de
1597 1739 1791 1848 Hanstadt
1807 1743 2025 1854 Lithargyrii
2045 1743 2169 1816 forna·

529 1893 628 1968 cibus
648 1889 876 1986 Bleybergae
894 1888 1143 1981 Praefectum,
1160 1892 1292 1966 Virum
1314 1889 1579 1988 Mineralogiae
1594 1915 1731 1989 aeque,
1754 1914 1794 1962 ac
1815 1888 1988 1962 Chemiae
2004 1885 2167 1984 peritiffi-

528 2062 632 2114 mum
649 2016 785 2132 scripti,
811 2039 1033 2134 rogavique,
1051 2054 1090 2110 ut
1110 2037 1131 2110 ti
1150 2062 1243 2135 quae
1262 2061 1345 2110 cum
1369 2035 1510 2134 spatoso
1527 2035 1641 2108 hocce
1658 2035 1812 2134 plumbo
1838 2037 2088 2130 experimenta
2117 2032 2171 2106 fea

529 2182 644 2271 ciffet,
666 2181 823 2280 benigue
840 2205 984 2259 mecum
1003 2184 1269 2259 communicare
1288 2184 1414 2258 vellet.
1442 2177 1590 2286 „Nosti
1609 2182 1788 2277 rescripsit,
1810 2177 2046 2285 lamellosum
2061 2177 2172 2256 bocco

524 2323 723 2434 plumbum
728 2323 930 2431 spatosum
947 2351 1026 2405 non
1042 2332 1192 2418 minus,
1214 2353 1332 2434 quam
1349 2323 1656 2435 crystallisatum,
1676 2325 1726 2402 de
1744 2351 1852 2401 more
1868 2325 1971 2402 alius
1983 2329 2166 2433 cujusque

514 2459 631 2582 spati
639 2531 650 2565 ,
662 2476 801 2576 prunis
813 2471 1221 2580 impositumstridere,
1241 2475 1508 2580 etdr'siliendo
1525 2500 1682 2583 quaqua
1696 2470 1843 2579 versum
1862 2473 2003 2573 disjici,
2014 2471 2060 2548 id
2068 2471 2177 2578 quod

528 2618 739 2698 earundem
760 2619 1023 2696 reductionem
1035 2621 1303 2725 perdfflcilem
1315 2597 1472 2728 semper
1495 2619 1640 2727 absque
1657 2619 1796 2696 borace
1823 2617 1977 2704 reddit;
1996 2616 2094 2720 fieri
2118 2633 2176 2694 ta·

438 2813 487 2848 J
528 2791 617 2848 men
630 2761 729 2840 banc
748 2763 933 2869 denique,
939 2763 981 2865 st
1002 2765 1167 2871 liquatis
1173 2765 1298 2867 stmul
1314 2763 1446 2840 boraci
1461 2765 1700 2870 lamellisque
1717 2763 1867 2867 plumbi
1871 2761 2020 2870 spatost
2042 2762 2174 2838 tantil-

527 2909 607 2986 lum
623 2913 721 2986 nitri
737 2908 968 3014 insperseris.
1000 2909 1051 2987 Ut
1069 2909 1321 2987 nibilominus
1348 2913 1399 2988 de
1417 2911 1626 2986 earundem
1648 2909 1930 3012 plprenomenis
1949 2907 2175 3020 certi‘qnid·

522 3055 802 3163 pinmscirem,
818 3053 985 3160 indeque
1003 3057 1137 3162 aliqua
1156 3059 1310 3131 ratione
1327 3056 1384 3133 od
1394 3059 1587 3159 principia
1606 3052 1762 3129 illarum
1780 3054 2006 3131 concludere
2017 3056 2174 3160 posem,

512 3199 610 3310 sola
625 3205 730 3305 ignis
745 3205 787 3276 ui
796 3201 1028 3280 tractandas
1032 3199 1194 3307 suscepi.
1219 3199 1429 3306 Crystallos
1444 3227 1536 3304 ergo
1541 3199 1654 3304 spati
1664 3199 1892 3304 plumbiscri
1904 3199 2010 3298 flavi
2026 3201 2178 3305 aliquot

515 3346 640 3456 super
658 3346 909 3450 calentisima
929 3373 1002 3450 per
1022 3363 1172 3451 tempus
1188 3345 1354 3452 aliquod
1373 3345 1548 3420 Fornace
1561 3349 1721 3448 praevie
1743 3344 1950 3449 reposttas,
1971 3347 2177 3450 calentr'ffl-

527 3520 616 3574 mas
633 3509 671 3569 et
689 3493 792 3598 ipsas
809 3493 969 3568 reddidi
978 3520 995 3582 ‚·
1011 3507 1093 3570 tum
1108 3519 1177 3568 ear
1194 3491 1292 3568 tales
1306 3491 1531 3599 consepelivi
1548 3495 1589 3566 in
1606 3489 1776 3569 Foveola
1796 3478 1955 3568 carboni
1970 3490 2170 3596 insculpta,

530 3639 730 3746 alteroque
748 3643 929 3726 contexi3
944 3635 1135 3738 flammae
1149 3635 1342 3744 cuspidem
1362 3637 1615 3741 acutff'mam
1631 3636 1829 3714 mediante
1837 3635 1976 3743 fistula
1988 3633 2174 3741 ferrumi-

528 3787 686 3860 natoria
712 3781 871 3890 desuper
888 3782 1044 3884 immist,
1077 3811 1122 3860 eo
1144 3783 1311 3889 denique
1319 3783 1503 3888 successe,
1538 3748 1580 3858 ut
1598 3787 1704 3858 intra
1732 3799 1879 3888 tempus
1904 3781 2033 3860 breviu
2050 3783 2176 3860 culum

517 3926 693 4036 scoriam
704 3925 934 4005 obtinuerim
941 3928 1206 4034 spongiosam,
1217 3955 1270 4005 ea
1284 3955 1362 4035 qua
1380 3900 1594 4031 complures
1601 3930 1875 4033 minutr'fflmae
1879 3925 2029 4032 plumbi
2030 3927 2176 4032 spirae·

531 4074 642 4154 rulae
658 4073 828 4180 undique
838 4073 1028 4181 exsudare
1048 4089 1252 4180 caeperunt
1263 4075 1520 4180 peripheriam
1537 4079 1691 4151 interim
1710 4072 1890 4150 carbonis
1901 4077 2003 4150 circa
2012 4070 2175 4178 foueam

523 4219 647 4301 iridis
670 4217 789 4325 infler
815 4218 1029 4304 obducente
1048 4218 1173 4296 balitu
1192 4247 1246 4318 err
1266 4219 1387 4298 uiridi
1398 4218 1523 4321 flauo.
1550 4219 1657 4297 Fieri
1682 4222 1859 4326 equidem
1886 4236 1925 4297 et
1952 4220 2035 4298 alia
2058 4223 2179 4326 plura

527 4365 677 4472 posent
692 4368 956 4466 experimenta
972 4367 1030 4444 ad
1047 4363 1404 4468 decomposttionem
1416 4373 1588 4446 minerae
1599 4365 1706 4471 islius
1722 4365 1877 4447 uberius
1888 4365 2176 4472 instituendam,

418 4597 439 4620 ο
520 4508 694 4611 fimodo
717 4509 897 4615 requssto
917 4513 1036 4590 adid
1052 4529 1243 4620 apparatu
1264 4513 1429 4590 cbemico
1448 4512 1552 4620 istbic
1566 4516 1736 4592 locorum
1748 4513 1953 4621 instructus
1952 4510 2085 4616 sorem
2095 4537 2177 4587 am·

528 4653 635 4762 plius
641 4681 660 4742 ,·
672 4653 755 4761 sed
769 4655 833 4731 vel
846 4683 898 4732 ex
920 4658 991 4734 boa
1000 4657 1109 4765 satis
1114 4660 1310 4768 superque
1332 4659 1502 4767 constare
1518 4659 1707 4754 arbitror,
1729 4659 1889 4737 eandem
1907 4659 2068 4765 arsenici
2087 4683 2176 4733 con·

538 4803 660 4876 tinere
676 4799 798 4888 nibil,
814 4827 945 4880 uerum
964 4821 1121 4908 praeter
1145 4805 1368 4910 pauxillum
1378 4769 1579 4913 sulpburis
1597 4822 1636 4883 et
1650 4803 1800 4910 plumbi
1819 4810 1861 4880 in
1880 4804 2175 4910 centumpondio

534 4943 655 5022 libras
675 4952 978 5054 quinquaginta,
997 4967 1035 5026 et
1052 4953 1163 5058 quod
1174 4956 1365 5046 excurrit,
1394 4969 1538 5030 terram
1558 4967 1762 5058 praeterea
1781 4953 1995 5030 calcaream
2014 4951 2177 5054 argillae

534 5094 671 5168 intime
698 5097 865 5172 mixtam
878 5094 954 5202 scu
977 5120 1154 5201 margum
1176 5095 1406 5203 serrabilem
1434 5099 1697 5177 cohaerentem
1729 5097 2007 5207 rubro-fuscam
2042 5114 2175 5170 cuore·

451 5277 459 5297 ·
535 5259 705 5312 eruum
727 5250 756 5328 ς.
773 5241 834 5314 26.
855 5267 941 5318 eam
960 5245 1141 5319 nimirum
1159 5269 1237 5350 qua
1248 5245 1474 5353 plerumque
1500 5261 1538 5320 et
1556 5243 1727 5352 crystalli
1751 5245 1871 5352 ipsae,
1895 5259 1933 5321 et
1949 5241 2125 5319 lamellae
2140 5253 2178 5315 et

537 5385 599 5456 cui
616 5379 708 5481 istae
723 5381 905 5485 insident,
927 5387 1126 5466 calcareas
1141 5391 1246 5494 lapis
1266 5390 1406 5469 obduci
1418 5389 1572 5499 solent.
1601 5395 1703 5469 Haec
1720 5397 1781 5518 illp
1802 5359 1848 5467 be
1864 5393 1963 5470 flava
1985 5395 2174 5466 varietate.
2217 5395 2223 5406 '
