5209 6609
539 781 592 876 ⁶9
1179 773 1585 812 ...-

547 975 681 1052 coloris
700 973 737 1050 in
755 993 899 1072 papyro
923 969 1035 1074 hacce
1058 971 1206 1058 (saltem
1222 969 1303 1070 posi
1319 975 1396 1066 eiua
1415 971 1667 1054 decadonem)
1692 967 1905 1045 mutatione.
1939 965 2011 1049 Per
2032 969 2189 1072 longum

547 1113 727 1214 temporie
753 1111 909 1210 spatium
933 1109 1122 1186 flammam
1147 1111 1322 1188 candelam
1338 1124 1490 1209 experta
1505 1103 1675 1184 rutilabat
1696 1100 1844 1194 carboui
1869 1108 2037 1184 candenti
2062 1110 2196 1202 smine,

549 1245 612 1330 sed
631 1277 697 1328 nec
715 1249 933 1326 fundebatur
939 1300 951 1338 ,
983 1274 1049 1324 trec
1076 1249 1362 1326 comburebatur.
1395 1247 1513 1325 Porro
1530 1269 1613 1322 cum
1628 1267 1809 1344 papyrum
1828 1241 1922 1332 banc
1937 1247 2067 1345 iisdem
2084 1253 2196 1348 plane

554 1415 638 1472 eum
664 1391 825 1466 eolcareo
846 1387 969 1488 lapide
996 1387 1176 1488 superbire
1201 1390 1368 1468 viderem
1390 1389 1619 1464 omamentie
1644 1384 1871 1466 dendritide,
1896 1384 2028 1463 sciendi
2052 1388 2196 1466 iberam

556 1531 729 1632 eupidur,
746 1525 888 1606 cuinam
905 1529 1080 1618 metallo,
1104 1530 1167 1604 vel
1179 1527 1440 1618 semimetallo,
1455 1543 1520 1604 aut
1543 1528 1741 1625 cuicunque
1753 1525 1818 1601 alii
1833 1524 2055 1622 potisimum
2070 1527 2195 1606 musae

559 1671 777 1750 dendriticur
794 1665 903 1743 hacce
918 1669 1075 1766 picturas
1089 1660 1326 1744 adscriberent
1341 1685 1420 1744 tam
1432 1670 1469 1742 in
1485 1667 1610 1768 lupide
1624 1667 1787 1742 calcareo
1800 1661 2065 1765 Bleybergmli‚
2080 1691 2195 1765 quam

562 1819 602 1890 itt
618 1833 763 1912 papyro
776 1823 952 1884 moutam
969 1823 1007 1884 et
1022 1809 1184 1886 eblcareo
1201 1809 1351 1888 fodinae
1366 1803 1767 1886 ioWiudiscberlldbe.
1792 1802 1931 1881 Ferro?
1948 1805 1986 1878 id
2005 1805 2106 1903 quod
2114 1803 2192 1880 sal·

562 1974 639 2033 tem
656 1954 859 2028 eommunia
874 1955 1035 2028 maxime
1054 1953 1251 2029 earundem
1267 1956 1371 2055 origo
1385 1947 1615 2028 videturesse
1632 1941 1881 2072 Gurtheusero
1898 1949 1937 2022 in
1954 1947 2116 2048 eleganti
2126 1945 2196 2022 suo

563 2083 610 2188 de
624 2081 796 2158 dendritsc
816 2080 1159 2184 disertationefflag.
1174 2095 1253 2180 ¹58·
1277 2081 1340 2160 De
1354 2080 1427 2158 boc
1442 2079 1615 2180 equidem
1627 2077 1852 2156 dubitabam.
1876 2074 1972 2155 Illud
1986 2093 2083 2159 certa
2092 2093 2196 2155 tene

565 2223 651 2298 bam
660 2221 817 2312 seientia,
825 2221 1007 2298 dendritar
1014 2221 1341 2324 Hiittertbergenser
1350 2239 1427 2300 tam
1435 2222 1597 2320 argentei
1609 2219 1754 2306 eoloris,
1773 2224 1886 2315 quam
1895 2217 2068 2306 cinerem,
2084 2232 2197 2306 atros,
2240 2321 2250 2341 ι

564 2359 874 2462 nigro-suscoaque
897 2371 998 2451 (nam
1014 2362 1103 2438 navi
1120 2365 1259 2466 rubque
1276 2366 1400 2441 relicta
1415 2362 1592 2437 duntaxat
1608 2355 1902 2446 benedictorum,
1908 2355 2099 2455 postquam
2105 2377 2196 2431 eva·

566 2499 705 2578 »escere
731 2517 949 2600 coeperunt,
967 2500 1046 2578 sunt
1062 2505 1233 2606 vestigia)
1250 2506 1313 2604 qui
1330 2505 1369 2576 in
1386 2500 1456 2576 illia
1471 2499 1607 2576 sodiuit
1623 2494 1707 2572 serri
1732 2494 1906 2571 ditissimis
1921 2520 1999 2570 uon
2014 2495 2131 2570 solum
2145 2495 2200 2571 la·

564 2625 662 2742 §idio
686 2643 836 2717 calcarei
848 2643 913 2720 scu
930 2651 1121 2722 murmuria
1141 2625 1312 2727 micantia
1324 2639 1490 2720 limaci
1503 2637 1791 2716 albo-flaventia
1812 2653 2069 2714 morientum
2085 2639 2201 2738 longe

568 2781 849 2882 pulcherrimum
866 2781 955 2876 brot,
970 2807 1099 2862 verum
1118 2789 1231 2866 eriam
1245 2785 1554 2864 diverblllmamm
1563 2779 1788 2856 chalcedonii
1794 2783 2038 2865 varietatum
2050 2777 2203 2856 haema·

569 2923 660 2998 titee
672 2920 765 3024 nigri
780 2919 964 3020 superbu'e
979 2923 1147 3002 liillatitia
1166 2921 1300 3002 drullea
1317 2929 1473 3008 nitente3
1499 2924 1624 3022 quarai
1647 2907 2030 3014 drusae-crpiiallisatia
2047 2934 2085 2994 et
2103 2919 2203 3017 gypi

568 3049 760 3162 ponderosi
769 3061 925 3136 indurati
939 3063 1012 3140 albi
1021 3091 1034 3152 3
1050 3063 1132 3158 hoa,
1148 3069 1310 3168 inquam.
1330 3065 1512 3141 dendn‘tar
1522 3057 1851 3157 Hstttenbergensee
1858 3058 2048 3175 nonferro,
2063 3055 2128 3132 sed
2137 3057 2203 3132 soli

569 3195 823 3278 adscribendos
838 3201 907 3278 else
918 3203 1105 3306 Magnesia
1120 3231 1249 3306 parum
1264 3208 1420 3282 martiali
1429 3197 1641 3312 squamoso
1648 3247 1666 3262 ·
1661 3195 1832 3301 floccoso
1854 3197 2150 3306 argeuticolori,
2167 3203 2204 3274 io

569 3327 762 3430 suligirrern
780 3329 929 3406 tandem
946 3335 1085 3434 nigram
1104 3337 1262 3425 metanti,
1278 3350 1377 3408 meto
1395 3339 1523 3410 certina
1540 3332 1703 3406 sciebam.
1731 3330 1920 3405 Certitudo
1930 3329 2020 3404 baec
2034 3353 2204 3404 meanou

572 3469 762 3544 octtlorurn
781 3488 947 3541 mennam
961 3469 1077 3545 solum
1093 3469 1316 3560 testimonio,
1332 3471 1394 3544 sed
1408 3465 1451 3545 et
1464 3488 1594 3544 exacte
1606 3469 1768 3544 institutio
1781 3469 1964 3544 nitebatur
1975 3471 2202 3567 experimen·

572 3607 630 3682 tir.
655 3601 758 3680 Nam
774 3619 813 3678 et
829 3620 1008 3698 naturam,
1027 3625 1067 3683 ut
1081 3610 1132 3684 ita
1149 3611 1290 3709 loquar,
1304 3633 1369 3684 eor
1382 3609 1566 3686 dendritaa
1582 3608 1831 3683 elaborantem
1848 3607 1954 3708 saepe
1970 3607 2047 3706 ipso
2063 3611 2203 3706 inope·

571 3771 613 3827 re
637 3741 862 3846 deprehendi
877 3749 914 3818 in
931 3745 1065 3822 sodinir
1086 3747 1256 3829 exiliere,
1272 3765 1311 3823 et
1329 3771 1413 3822 ctam
1429 3747 1628 3821 eorundem
1644 3749 1835 3820 materiem
1849 3771 1933 3836 cum
1949 3747 2081 3820 borace
2094 3749 2133 3820 in
2148 3762 2204 3820 tu·

572 3887 649 3962 buli
667 3883 943 3958 ferruminatorii
957 3883 1108 3959 flamma
1126 3885 1337 3975 scinderem,
1360 3887 1500 3960 vitrum
1517 3883 1659 3982 semper
1673 3882 2072 3981 mbmbyacintbinum
2088 3885 2202 3984 pellu-

573 4023 695 4102 cidum
719 4019 872 4094 obtinui.
905 4021 1070 4096 Verebar
1093 4037 1235 4113 autem,
1255 4037 1296 4096 ut
1316 4023 1387 4096 iilis
1408 4044 1456 4096 ex
1472 4019 1696 4096 Windiscber
1709 4023 1821 4098 libbe
1838 4024 1911 4097 alia
1925 4024 2024 4097 soret
2040 4026 2145 4124 origo
2159 4049 2204 4098 ae

573 4155 960 4258 fliittenbergenfibur,
978 4157 1183 4258 praesertim
1199 4183 1282 4236 cum
1295 4175 1381 4236 ttrnc
1396 4161 1573 4258 temporie
1590 4159 1689 4234 nulla
1704 4159 1824 4236 adbuc
1837 4159 1987 4261 vestigia
2009 4163 2202 4261 praesentit

573 4295 744 4402 magneii
762 4295 799 4368 in
815 4295 949 4372 sodinia
965 4295 1352 4375 inWindischerlsiibe
1367 4299 1430 4374 vel
1445 4302 1483 4373 in
1502 4297 1580 4396 ipso
1593 4316 1721 4374 monte
1741 4296 1965 4398 plumbisero
1982 4301 2200 4380 deteaid'ern.

574 4441 660 4520 Hoc
684 4435 841 4537 propriis
865 4459 888 4510 a
914 4459 974 4512 me
1000 4436 1078 4536 ipso
1105 4437 1323 4514 nffimendta
1344 4454 1386 4515 ut
1400 4437 1525 4513 scirem
1541 4441 1819 4537 experimentis,
1840 4440 2054 4518 tentandam
2069 4445 2204 4544 pariter

573 4577 638 4654 vel
653 4599 737 4652 cum
748 4567 920 4650 dendn‘tir
935 4569 1034 4652 hicce
1049 4575 1169 4652 aleam
1184 4577 1354 4668 judicavi.
1370 4577 1603 4654 Deeortieavi
1621 4579 1730 4680 igitur
1743 4603 1767 4654 a
1781 4579 1906 4680 lapide
1921 4583 2083 4657 edmero
2099 4605 2202 4683 prae·

576 4715 675 4794 dicto
692 4713 822 4792 soliola
845 4713 987 4816 aliquot
1001 4718 1132 4816 papyri
1149 4711 1252 4809 huius
1266 4717 1462 4794 arbeilinae
1479 4721 1622 4820 egregie
1648 4719 1822 4794 dendritis
1840 4722 2005 4812 onubae3
2028 4723 2205 4802 abeston

577 4879 660 4934 eum
674 4853 807 4930 boraee
825 4853 921 4929 illico
933 4853 971 4930 in
986 4857 1123 4930 vitrum
1140 4855 1287 4932 exeolor
1302 4859 1523 4958 pellucidrun
1540 4857 1642 4933 sundi
1661 4858 1793 4935 debere
1808 4858 1915 4950 scivir
1933 4861 2013 4937 sudi
2029 4864 2137 4964 igitur
2150 4861 2203 4940 su·

575 5017 644 5096 per
660 4993 816 5070 carbone
837 5017 911 5093 ope
926 4991 1060 5070 fibulae
1075 4994 1384 5072 ferruminatoriae
1406 4997 1535 5075 sclicla
1551 4996 1643 5074 haee
1666 5021 1749 5074 mm
1766 4998 1900 5076 borace
1917 5002 2018 5076 timul
2027 5056 2039 5093 ‚
2064 5020 2104 5078 et
2128 5001 2204 5076 susa

577 5137 690 5212 etiam
715 5134 879 5232 protinut
903 5127 983 5206 sunt
1003 5133 1040 5206 ln
1062 5135 1215 5228 vitrum,
1237 5159 1314 5210 non
1331 5133 1539 5236 hyalinum,
1560 5163 1639 5216 nort
1659 5139 1804 5233 album,
1824 5164 1948 5241 neque
1964 5146 2124 5244 nigmm,
2142 5154 2204 5215 aut

575 5271 710 5350 ntcum
718 5323 732 5362 ,
748 5269 814 5346 vel
830 5269 971 5364 viride,
987 5269 1048 5348 sed
1064 5267 1321 5374 eleganrillme
1338 5276 1746 5378 rubro-hyacinthinum.
1780 5277 1841 5356 Ex
1854 5278 1911 5356 bie
1930 5305 2006 5358 nort
2022 5283 2204 5356 immerito

577 5407 869 5487 concludendum
883 5413 960 5502 laun
982 5409 1118 5506 censui,
1143 5411 1239 5513 ipset
1262 5415 1396 5514 etiarn,
1419 5421 1482 5518 qui
1499 5419 1661 5497 caleam
1676 5421 1792 5524 lapidi
1812 5445 1862 5500 ea
1878 5423 1981 5502 velle
1996 5419 2145 5498 Giiienb
2166 5433 2211 5498 et
