<?xml version="1.0" encoding="UTF-8"?>
<!DOCTYPE html PUBLIC "-//W3C//DTD XHTML 1.0 Transitional//EN"
    "http://www.w3.org/TR/xhtml1/DTD/xhtml1-transitional.dtd">
<html xmlns="http://www.w3.org/1999/xhtml" xml:lang="en" lang="en">
 <head>
  <title>
</title>
<meta http-equiv="Content-Type" content="text/html;charset=utf-8" />
  <meta name='ocr-system' content='tesseract 3.04.00' />
  <meta name='ocr-capabilities' content='ocr_page ocr_carea ocr_par ocr_line ocrx_word'/>
</head>
<body>
  <div class='ocr_page' id='page_1' title='image "./xaveriiwulfende00eyergoog_0012.png"; bbox 0 0 5209 6609; ppageno 0'>
   <div class='ocr_carea' id='block_1_1' title="bbox 590 988 2174 1146">
    <p class='ocr_par' dir='ltr' id='par_1_1' title="bbox 590 988 2174 1146">
     <span class='ocr_line' id='line_1_1' title="bbox 590 988 2174 1146; baseline 0.007 -29"><span class='ocrx_word' id='word_1_1' title='bbox 590 1045 658 1117; x_wconf 79' lang='lat' dir='ltr'>Hie</span> <span class='ocrx_word' id='word_1_2' title='bbox 678 1045 836 1143; x_wconf 81' lang='lat' dir='ltr'>adjungo</span> <span class='ocrx_word' id='word_1_3' title='bbox 853 1039 1093 1145; x_wconf 84' lang='lat' dir='ltr'>Scopolium,</span> <span class='ocrx_word' id='word_1_4' title='bbox 1117 988 1185 1143; x_wconf 85' lang='lat' dir='ltr'>qui</span> <span class='ocrx_word' id='word_1_5' title='bbox 1198 1043 1385 1142; x_wconf 81' lang='lat' dir='ltr'><strong>speciatim</strong></span> <span class='ocrx_word' id='word_1_6' title='bbox 1412 1046 1460 1120; x_wconf 86' lang='lat' dir='ltr'>de</span> <span class='ocrx_word' id='word_1_7' title='bbox 1480 1041 1708 1120; x_wconf 82' lang='lat' dir='ltr'>Cerinthiaca</span> <span class='ocrx_word' id='word_1_8' title='bbox 1724 1048 1886 1146; x_wconf 86' lang='lat' dir='ltr'>loquitur</span> <span class='ocrx_word' id='word_1_9' title='bbox 1906 1053 2044 1126; x_wconf 80' lang='lat' dir='ltr'>minere</span> <span class='ocrx_word' id='word_1_10' title='bbox 2063 1057 2100 1126; x_wconf 91' lang='lat' dir='ltr'>in</span> <span class='ocrx_word' id='word_1_11' title='bbox 2116 1055 2174 1128; x_wconf 89' lang='lat' dir='ltr'>In·</span> 
     </span>
    </p>
   </div>
   <div class='ocr_carea' id='block_1_2' title="bbox 536 1186 2181 1870">
    <p class='ocr_par' dir='ltr' id='par_1_2' title="bbox 536 1186 2181 1870">
     <span class='ocr_line' id='line_1_2' title="bbox 542 1186 2181 1300; baseline 0.004 -36"><span class='ocrx_word' id='word_1_12' title='bbox 542 1191 771 1264; x_wconf 85' lang='lat' dir='ltr'>trod‘uctione</span> <span class='ocrx_word' id='word_1_13' title='bbox 793 1189 840 1260; x_wconf 87' lang='lat' dir='ltr'>ad</span> <span class='ocrx_word' id='word_1_14' title='bbox 857 1186 1043 1260; x_wconf 85' lang='lat' dir='ltr'>Foffiiium</span> <span class='ocrx_word' id='word_1_15' title='bbox 1058 1190 1229 1262; x_wconf 86' lang='lat' dir='ltr'><strong>notitiam</strong></span> <span class='ocrx_word' id='word_1_16' title='bbox 1248 1199 1359 1290; x_wconf 83' lang='lat'>1769.</span> <span class='ocrx_word' id='word_1_17' title='bbox 1377 1215 1416 1289; x_wconf 77' lang='lat' dir='ltr'>p,</span> <span class='ocrx_word' id='word_1_18' title='bbox 1439 1215 1522 1285; x_wconf 82' lang='lat'><em>157.</em></span> <span class='ocrx_word' id='word_1_19' title='bbox 1551 1191 1610 1265; x_wconf 77' lang='lat' dir='ltr'>En</span> <span class='ocrx_word' id='word_1_20' title='bbox 1625 1190 1710 1266; x_wconf 86' lang='lat' dir='ltr'>huic</span> <span class='ocrx_word' id='word_1_21' title='bbox 1724 1190 1931 1284; x_wconf 84' lang='lat' dir='ltr'>Plumbum</span> <span class='ocrx_word' id='word_1_22' title='bbox 1945 1221 2109 1300; x_wconf 85' lang='lat' dir='ltr'>epyrum</span> <span class='ocrx_word' id='word_1_23' title='bbox 2119 1199 2181 1290; x_wconf 84' lang='lat' dir='ltr'>(id-</span> 
     </span>
     <span class='ocr_line' id='line_1_3' title="bbox 540 1330 2176 1440; baseline 0.004 -31"><span class='ocrx_word' id='word_1_24' title='bbox 540 1336 588 1408; x_wconf 85' lang='lat' dir='ltr'>eii</span> <span class='ocrx_word' id='word_1_25' title='bbox 599 1331 814 1438; x_wconf 79' lang='lat' dir='ltr'><em>:sulphuris</em></span> <span class='ocrx_word' id='word_1_26' title='bbox 830 1357 989 1433; x_wconf 80' lang='lat' dir='ltr'>expers,</span> <span class='ocrx_word' id='word_1_27' title='bbox 1015 1332 1058 1403; x_wconf 88' lang='lat' dir='ltr'>iic</span> <span class='ocrx_word' id='word_1_28' title='bbox 1074 1330 1152 1404; x_wconf 90' lang='lat' dir='ltr'>sunt</span> <span class='ocrx_word' id='word_1_29' title='bbox 1167 1332 1280 1409; x_wconf 83' lang='lat' dir='ltr'>verba</span> <span class='ocrx_word' id='word_1_30' title='bbox 1296 1340 1408 1427; x_wconf 79' lang='lat' dir='ltr'>eius),</span> <span class='ocrx_word' id='word_1_31' title='bbox 1430 1331 1907 1440; x_wconf 82' lang='lat' dir='ltr'>umorpltum,stoues&#39;ccns,</span> <span class='ocrx_word' id='word_1_32' title='bbox 1925 1339 2149 1418; x_wconf 83' lang='lat' dir='ltr'>induratum</span> <span class='ocrx_word' id='word_1_33' title='bbox 2157 1368 2176 1428; x_wconf 80' lang='lat'>‚-</span> 
     </span>
     <span class='ocr_line' id='line_1_4' title="bbox 541 1465 2175 1577; baseline 0.005 -25"><span class='ocrx_word' id='word_1_34' title='bbox 541 1505 672 1576; x_wconf 86' lang='lat' dir='ltr'>porro:</span> <span class='ocrx_word' id='word_1_35' title='bbox 693 1476 815 1550; x_wconf 88' lang='lat' dir='ltr'>Ochra</span> <span class='ocrx_word' id='word_1_36' title='bbox 830 1476 972 1573; x_wconf 88' lang='lat' dir='ltr'>plumbi</span> <span class='ocrx_word' id='word_1_37' title='bbox 990 1474 1415 1565; x_wconf 68' lang='lat' dir='ltr'>ochram-flavescens,</span> <span class='ocrx_word' id='word_1_38' title='bbox 1435 1465 1614 1576; x_wconf 81' lang='lat' dir='ltr'>pyritdsa,</span> <span class='ocrx_word' id='word_1_39' title='bbox 1631 1505 1677 1572; x_wconf 78' lang='lat'>27</span> <span class='ocrx_word' id='word_1_40' title='bbox 1688 1521 1738 1536; x_wconf 91' lang='lat'>—</span> <span class='ocrx_word' id='word_1_41' title='bbox 1749 1505 1802 1577; x_wconf 81' lang='lat'>30</span> <span class='ocrx_word' id='word_1_42' title='bbox 1820 1482 1928 1556; x_wconf 80' lang='lat' dir='ltr'>libras</span> <span class='ocrx_word' id='word_1_43' title='bbox 1946 1487 1987 1558; x_wconf 83' lang='lat' dir='ltr'>in</span> <span class='ocrx_word' id='word_1_44' title='bbox 2007 1497 2175 1560; x_wconf 83' lang='lat' dir='ltr'>centum-</span> 
     </span>
     <span class='ocr_line' id='line_1_5' title="bbox 536 1617 2175 1733; baseline 0.005 -38"><span class='ocrx_word' id='word_1_45' title='bbox 536 1620 687 1727; x_wconf 82' lang='lat' dir='ltr'>pondio</span> <span class='ocrx_word' id='word_1_46' title='bbox 706 1617 914 1725; x_wconf 82' lang='lat' dir='ltr'>praebens,</span> <span class='ocrx_word' id='word_1_47' title='bbox 938 1642 1023 1694; x_wconf 89' lang='lat' dir='ltr'>eum</span> <span class='ocrx_word' id='word_1_48' title='bbox 1047 1644 1235 1724; x_wconf 80' lang='lat' dir='ltr'><em>perquam</em></span> <span class='ocrx_word' id='word_1_49' title='bbox 1255 1624 1401 1723; x_wconf 81' lang='lat' dir='ltr'>exigua</span> <span class='ocrx_word' id='word_1_50' title='bbox 1423 1627 1577 1726; x_wconf 81' lang='lat' dir='ltr'>urgenti</span> <span class='ocrx_word' id='word_1_51' title='bbox 1589 1623 1856 1727; x_wconf 82' lang='lat' dir='ltr'>portiuncula,</span> <span class='ocrx_word' id='word_1_52' title='bbox 1883 1651 1983 1730; x_wconf 83' lang='lat' dir='ltr'>quae</span> <span class='ocrx_word' id='word_1_53' title='bbox 2000 1627 2081 1733; x_wconf 87' lang='lat' dir='ltr'>ipsa</span> <span class='ocrx_word' id='word_1_54' title='bbox 2095 1653 2175 1704; x_wconf 80' lang='lat' dir='ltr'>uon</span> 
     </span>
     <span class='ocr_line' id='line_1_6' title="bbox 543 1761 1559 1870; baseline 0.002 -30"><span class='ocrx_word' id='word_1_55' title='bbox 543 1782 624 1840; x_wconf 85' lang='lat' dir='ltr'>tam</span> <span class='ocrx_word' id='word_1_56' title='bbox 641 1761 822 1870; x_wconf 81' lang='lat' dir='ltr'>plumbo,</span> <span class='ocrx_word' id='word_1_57' title='bbox 838 1787 953 1870; x_wconf 78' lang='lat' dir='ltr'>quum</span> <span class='ocrx_word' id='word_1_58' title='bbox 973 1762 1156 1838; x_wconf 77' lang='lat' dir='ltr'>admixto</span> <span class='ocrx_word' id='word_1_59' title='bbox 1165 1766 1324 1868; x_wconf 85' lang='lat' dir='ltr'>pyritee</span> <span class='ocrx_word' id='word_1_60' title='bbox 1328 1762 1441 1863; x_wconf 82' lang='lat' dir='ltr'>flauo</span> <span class='ocrx_word' id='word_1_61' title='bbox 1461 1765 1559 1866; x_wconf 84' lang='lat' dir='ltr'>infit.</span> 
     </span>
    </p>
   </div>
   <div class='ocr_carea' id='block_1_3' title="bbox 541 2053 2175 2446">
    <p class='ocr_par' dir='ltr' id='par_1_3' title="bbox 541 2053 2175 2446">
     <span class='ocr_line' id='line_1_7' title="bbox 593 2053 2174 2153; baseline 0.006 -27"><span class='ocrx_word' id='word_1_62' title='bbox 593 2057 670 2128; x_wconf 87' lang='lat' dir='ltr'>Has</span> <span class='ocrx_word' id='word_1_63' title='bbox 690 2072 766 2129; x_wconf 89' lang='lat' dir='ltr'>tam</span> <span class='ocrx_word' id='word_1_64' title='bbox 784 2053 941 2128; x_wconf 79' lang='lat' dir='ltr'>diversas</span> <span class='ocrx_word' id='word_1_65' title='bbox 959 2057 1052 2128; x_wconf 88' lang='lat' dir='ltr'>inter</span> <span class='ocrx_word' id='word_1_66' title='bbox 1068 2053 1102 2128; x_wconf 89' lang='lat' dir='ltr'>se</span> <span class='ocrx_word' id='word_1_67' title='bbox 1121 2054 1498 2152; x_wconf 82' lang='lat' dir='ltr'>praedantiffimorum</span> <span class='ocrx_word' id='word_1_68' title='bbox 1513 2056 1559 2128; x_wconf 90' lang='lat' dir='ltr'>de</span> <span class='ocrx_word' id='word_1_69' title='bbox 1576 2058 1714 2128; x_wconf 89' lang='lat' dir='ltr'>minera</span> <span class='ocrx_word' id='word_1_70' title='bbox 1734 2055 1863 2130; x_wconf 86' lang='lat' dir='ltr'>eadem</span> <span class='ocrx_word' id='word_1_71' title='bbox 1875 2057 2015 2153; x_wconf 83' lang='lat' dir='ltr'><strong>plumbi</strong></span> <span class='ocrx_word' id='word_1_72' title='bbox 2036 2059 2174 2134; x_wconf 87' lang='lat' dir='ltr'>senten&#39;·</span> 
     </span>
     <span class='ocr_line' id='line_1_8' title="bbox 544 2198 2175 2292; baseline 0.004 -20"><span class='ocrx_word' id='word_1_73' title='bbox 544 2205 613 2272; x_wconf 80' lang='lat' dir='ltr'>tias</span> <span class='ocrx_word' id='word_1_74' title='bbox 629 2225 705 2289; x_wconf 86' lang='lat' dir='ltr'>non</span> <span class='ocrx_word' id='word_1_75' title='bbox 724 2225 770 2274; x_wconf 87' lang='lat' dir='ltr'>eo</span> <span class='ocrx_word' id='word_1_76' title='bbox 790 2217 885 2273; x_wconf 88' lang='lat' dir='ltr'>certe</span> <span class='ocrx_word' id='word_1_77' title='bbox 906 2201 1042 2272; x_wconf 82' lang='lat' dir='ltr'>adduxi</span> <span class='ocrx_word' id='word_1_78' title='bbox 1062 2201 1154 2292; x_wconf 89' lang='lat' dir='ltr'>fine,</span> <span class='ocrx_word' id='word_1_79' title='bbox 1184 2217 1224 2272; x_wconf 90' lang='lat' dir='ltr'>ut</span> <span class='ocrx_word' id='word_1_80' title='bbox 1246 2204 1507 2276; x_wconf 88' lang='lat' dir='ltr'>eosdem-inter</span> <span class='ocrx_word' id='word_1_81' title='bbox 1530 2198 1565 2274; x_wconf 90' lang='lat' dir='ltr'>se</span> <span class='ocrx_word' id='word_1_82' title='bbox 1581 2199 1752 2274; x_wconf 88' lang='lat' dir='ltr'>collidam</span> <span class='ocrx_word' id='word_1_83' title='bbox 1769 2217 1925 2292; x_wconf 91' lang='lat' dir='ltr'>mutuo,</span> <span class='ocrx_word' id='word_1_84' title='bbox 1956 2221 2018 2275; x_wconf 87' lang='lat' dir='ltr'>aut</span> <span class='ocrx_word' id='word_1_85' title='bbox 2034 2222 2175 2278; x_wconf 90' lang='lat' dir='ltr'>contra·</span> 
     </span>
     <span class='ocr_line' id='line_1_9' title="bbox 541 2343 2173 2446; baseline 0.004 -30"><span class='ocrx_word' id='word_1_86' title='bbox 541 2344 718 2417; x_wconf 82' lang='lat' dir='ltr'>dictiones</span> <span class='ocrx_word' id='word_1_87' title='bbox 736 2343 856 2418; x_wconf 91' lang='lat' dir='ltr'>nescio</span> <span class='ocrx_word' id='word_1_88' title='bbox 875 2370 964 2446; x_wconf 86' lang='lat' dir='ltr'>quas</span> <span class='ocrx_word' id='word_1_89' title='bbox 981 2348 1149 2418; x_wconf 83' lang='lat' dir='ltr'>evincam</span> <span class='ocrx_word' id='word_1_90' title='bbox 1159 2371 1172 2430; x_wconf 89' lang='lat'>;</span> <span class='ocrx_word' id='word_1_91' title='bbox 1187 2347 1249 2418; x_wconf 82' lang='lat' dir='ltr'>vel</span> <span class='ocrx_word' id='word_1_92' title='bbox 1265 2348 1303 2418; x_wconf 89' lang='lat' dir='ltr'>in</span> <span class='ocrx_word' id='word_1_93' title='bbox 1319 2350 1382 2436; x_wconf 83' lang='lat' dir='ltr'>iis,</span> <span class='ocrx_word' id='word_1_94' title='bbox 1403 2371 1497 2445; x_wconf 88' lang='lat' dir='ltr'>quae</span> <span class='ocrx_word' id='word_1_95' title='bbox 1516 2343 1663 2443; x_wconf 78' lang='lat' dir='ltr'>posteris</span> <span class='ocrx_word' id='word_1_96' title='bbox 1679 2345 1808 2445; x_wconf 89' lang='lat' dir='ltr'>scripto</span> <span class='ocrx_word' id='word_1_97' title='bbox 1829 2347 2065 2444; x_wconf 83' lang='lat' dir='ltr'>reliquerunt,</span> <span class='ocrx_word' id='word_1_98' title='bbox 2098 2373 2173 2422; x_wconf 86' lang='lat' dir='ltr'>car·</span> 
     </span>
    </p>
   </div>
   <div class='ocr_carea' id='block_1_4' title="bbox 540 2489 2173 2592">
    <p class='ocr_par' dir='ltr' id='par_1_4' title="bbox 540 2489 2173 2592">
     <span class='ocr_line' id='line_1_10' title="bbox 540 2489 2173 2592; baseline 0.001 -28"><span class='ocrx_word' id='word_1_99' title='bbox 540 2515 649 2588; x_wconf 90' lang='lat' dir='ltr'>pam,</span> <span class='ocrx_word' id='word_1_100' title='bbox 665 2492 739 2564; x_wconf 84' lang='lat' dir='ltr'>five</span> <span class='ocrx_word' id='word_1_101' title='bbox 761 2492 890 2563; x_wconf 87' lang='lat' dir='ltr'>melius</span> <span class='ocrx_word' id='word_1_102' title='bbox 907 2491 1107 2586; x_wconf 83' lang='lat' dir='ltr'>producam</span> <span class='ocrx_word' id='word_1_103' title='bbox 1126 2490 1276 2587; x_wconf 84' lang='lat' dir='ltr'>aliquid.</span> <span class='ocrx_word' id='word_1_104' title='bbox 1306 2491 1452 2583; x_wconf 89' lang='lat' dir='ltr'>Quanta</span> <span class='ocrx_word' id='word_1_105' title='bbox 1476 2493 1574 2563; x_wconf 89' lang='lat' dir='ltr'>enim</span> <span class='ocrx_word' id='word_1_106' title='bbox 1590 2515 1674 2592; x_wconf 82' lang='lat' dir='ltr'>mea</span> <span class='ocrx_word' id='word_1_107' title='bbox 1687 2494 1724 2563; x_wconf 92' lang='lat' dir='ltr'>in</span> <span class='ocrx_word' id='word_1_108' title='bbox 1743 2489 2032 2590; x_wconf 83' lang='lat' dir='ltr'>Mineralogicia,</span> <span class='ocrx_word' id='word_1_109' title='bbox 2059 2517 2173 2590; x_wconf 90' lang='lat' dir='ltr'>quan·</span> 
     </span>
    </p>
   </div>
   <div class='ocr_carea' id='block_1_5' title="bbox 538 2632 2292 2732">
    <p class='ocr_par' dir='ltr' id='par_1_5' title="bbox 538 2632 2292 2732">
     <span class='ocr_line' id='line_1_11' title="bbox 538 2632 2292 2732; baseline 0.001 -24"><span class='ocrx_word' id='word_1_110' title='bbox 538 2651 578 2708; x_wconf 90' lang='lat' dir='ltr'>ta</span> <span class='ocrx_word' id='word_1_111' title='bbox 594 2639 629 2706; x_wconf 90' lang='lat' dir='ltr'>in</span> <span class='ocrx_word' id='word_1_112' title='bbox 648 2632 827 2706; x_wconf 84' lang='lat' dir='ltr'>Chemicis</span> <span class='ocrx_word' id='word_1_113' title='bbox 843 2634 958 2730; x_wconf 77' lang='lat' dir='ltr'>potest</span> <span class='ocrx_word' id='word_1_114' title='bbox 978 2632 1045 2706; x_wconf 85' lang='lat' dir='ltr'>esse</span> <span class='ocrx_word' id='word_1_115' title='bbox 1063 2634 1226 2730; x_wconf 76' lang='lat' dir='ltr'>scientia,</span> <span class='ocrx_word' id='word_1_116' title='bbox 1252 2637 1314 2731; x_wconf 87' lang='lat' dir='ltr'>qui</span> <span class='ocrx_word' id='word_1_117' title='bbox 1338 2634 1444 2706; x_wconf 82' lang='lat' dir='ltr'>casira</span> <span class='ocrx_word' id='word_1_118' title='bbox 1457 2641 1534 2726; x_wconf 89' lang='lat' dir='ltr'>jam</span> <span class='ocrx_word' id='word_1_119' title='bbox 1548 2636 1634 2708; x_wconf 89' lang='lat' dir='ltr'>inde</span> <span class='ocrx_word' id='word_1_120' title='bbox 1657 2661 1680 2708; x_wconf 91' lang='lat' dir='ltr'>a</span> <span class='ocrx_word' id='word_1_121' title='bbox 1698 2659 1813 2732; x_wconf 88' lang='lat' dir='ltr'>puero</span> <span class='ocrx_word' id='word_1_122' title='bbox 1835 2633 1972 2708; x_wconf 85' lang='lat' dir='ltr'>secutus</span> <span class='ocrx_word' id='word_1_123' title='bbox 1992 2634 2168 2710; x_wconf 79' lang='lat' dir='ltr'>sanctiora</span> <span class='ocrx_word' id='word_1_124' title='bbox 2289 2665 2292 2671; x_wconf 89' lang='lat'>·</span> 
     </span>
    </p>
   </div>
   <div class='ocr_carea' id='block_1_6' title="bbox 527 2767 2172 3169">
    <p class='ocr_par' dir='ltr' id='par_1_6' title="bbox 527 2767 2172 3169">
     <span class='ocr_line' id='line_1_12' title="bbox 541 2767 2172 2875; baseline 0.002 -26"><span class='ocrx_word' id='word_1_125' title='bbox 541 2767 793 2874; x_wconf 79' lang='lat' dir='ltr'>felicioraque,</span> <span class='ocrx_word' id='word_1_126' title='bbox 810 2778 1005 2873; x_wconf 85' lang='lat' dir='ltr'>disciplinis</span> <span class='ocrx_word' id='word_1_127' title='bbox 1020 2775 1139 2866; x_wconf 85' lang='lat' dir='ltr'>hisce,</span> <span class='ocrx_word' id='word_1_128' title='bbox 1155 2775 1301 2849; x_wconf 82' lang='lat' dir='ltr'>utilibus</span> <span class='ocrx_word' id='word_1_129' title='bbox 1323 2779 1512 2875; x_wconf 83' lang='lat' dir='ltr'>equidem,</span> <span class='ocrx_word' id='word_1_130' title='bbox 1528 2795 1689 2852; x_wconf 85' lang='lat' dir='ltr'>attamen</span> <span class='ocrx_word' id='word_1_131' title='bbox 1704 2783 1829 2868; x_wconf 80' lang='lat' dir='ltr'>vania,</span> <span class='ocrx_word' id='word_1_132' title='bbox 1856 2803 2044 2875; x_wconf 90' lang='lat' dir='ltr'>nunquam</span> <span class='ocrx_word' id='word_1_133' title='bbox 2062 2803 2172 2853; x_wconf 86' lang='lat' dir='ltr'>vaca·</span> 
     </span>
     <span class='ocr_line' id='line_1_13' title="bbox 540 2916 2170 3026; baseline 0.002 -32"><span class='ocrx_word' id='word_1_134' title='bbox 540 2925 678 3009; x_wconf 82' lang='lat' dir='ltr'>verim,</span> <span class='ocrx_word' id='word_1_135' title='bbox 701 2938 738 2994; x_wconf 91' lang='lat' dir='ltr'>et</span> <span class='ocrx_word' id='word_1_136' title='bbox 754 2937 812 3008; x_wconf 86' lang='lat' dir='ltr'>ut,</span> <span class='ocrx_word' id='word_1_137' title='bbox 831 2922 932 3016; x_wconf 93' lang='lat' dir='ltr'>quod</span> <span class='ocrx_word' id='word_1_138' title='bbox 948 2945 987 2992; x_wconf 84' lang='lat' dir='ltr'>ce</span> <span class='ocrx_word' id='word_1_139' title='bbox 1009 2919 1086 3017; x_wconf 86' lang='lat' dir='ltr'>ipsa</span> <span class='ocrx_word' id='word_1_140' title='bbox 1105 2921 1175 3009; x_wconf 81' lang='lat' dir='ltr'>eii,</span> <span class='ocrx_word' id='word_1_141' title='bbox 1194 2921 1347 2993; x_wconf 80' lang='lat' dir='ltr'>candide</span> <span class='ocrx_word' id='word_1_142' title='bbox 1366 2922 1502 3010; x_wconf 89' lang='lat' dir='ltr'>fatear,</span> <span class='ocrx_word' id='word_1_143' title='bbox 1518 2947 1614 2995; x_wconf 89' lang='lat' dir='ltr'>nnnc</span> <span class='ocrx_word' id='word_1_144' title='bbox 1631 2926 1814 3021; x_wconf 89' lang='lat' dir='ltr'>primum,</span> <span class='ocrx_word' id='word_1_145' title='bbox 1839 2916 2083 3026; x_wconf 79' lang='lat' dir='ltr'>adsalleuda</span> <span class='ocrx_word' id='word_1_146' title='bbox 2102 2925 2170 2998; x_wconf 82' lang='lat' dir='ltr'>tn·-</span> 
     </span>
     <span class='ocr_line' id='line_1_14' title="bbox 527 3061 1527 3169; baseline -0.003 -30"><span class='ocrx_word' id='word_1_147' title='bbox 527 3061 719 3169; x_wconf 74' lang='lat' dir='ltr'>strfflmuc</span> <span class='ocrx_word' id='word_1_148' title='bbox 735 3063 871 3140; x_wconf 81' lang='lat' dir='ltr'>taedia</span> <span class='ocrx_word' id='word_1_149' title='bbox 883 3065 1009 3155; x_wconf 85' lang='lat' dir='ltr'>uitae,</span> <span class='ocrx_word' id='word_1_150' title='bbox 1040 3069 1085 3138; x_wconf 81' lang='lat' dir='ltr'>iis</span> <span class='ocrx_word' id='word_1_151' title='bbox 1103 3063 1311 3138; x_wconf 85' lang='lat' dir='ltr'>incumbere</span> <span class='ocrx_word' id='word_1_152' title='bbox 1330 3069 1527 3162; x_wconf 85' lang='lat' dir='ltr'>coeperim.</span> 
     </span>
    </p>
   </div>
   <div class='ocr_carea' id='block_1_7' title="bbox 435 3349 2170 5037">
    <p class='ocr_par' dir='ltr' id='par_1_7' title="bbox 435 3349 2170 5037">
     <span class='ocr_line' id='line_1_15' title="bbox 591 3349 2170 3451; baseline 0.003 -25"><span class='ocrx_word' id='word_1_153' title='bbox 591 3352 839 3426; x_wconf 78' lang='lat' dir='ltr'>consummati</span> <span class='ocrx_word' id='word_1_154' title='bbox 864 3351 902 3426; x_wconf 90' lang='lat' dir='ltr'>bi</span> <span class='ocrx_word' id='word_1_155' title='bbox 925 3357 962 3426; x_wconf 89' lang='lat' dir='ltr'>in</span> <span class='ocrx_word' id='word_1_156' title='bbox 990 3369 1066 3426; x_wconf 85' lang='lat' dir='ltr'>arte</span> <span class='ocrx_word' id='word_1_157' title='bbox 1093 3357 1185 3442; x_wconf 83' lang='lat' dir='ltr'>viri,</span> <span class='ocrx_word' id='word_1_158' title='bbox 1211 3357 1287 3424; x_wconf 91' lang='lat' dir='ltr'>imo</span> <span class='ocrx_word' id='word_1_159' title='bbox 1308 3357 1427 3426; x_wconf 86' lang='lat' dir='ltr'>verius</span> <span class='ocrx_word' id='word_1_160' title='bbox 1447 3350 1627 3451; x_wconf 76' lang='lat' dir='ltr'>Magistri,</span> <span class='ocrx_word' id='word_1_161' title='bbox 1659 3355 1799 3449; x_wconf 88' lang='lat' dir='ltr'>optime</span> <span class='ocrx_word' id='word_1_162' title='bbox 1821 3349 1867 3426; x_wconf 90' lang='lat' dir='ltr'>de</span> <span class='ocrx_word' id='word_1_163' title='bbox 1893 3355 2049 3429; x_wconf 89' lang='lat' dir='ltr'>literaria</span> <span class='ocrx_word' id='word_1_164' title='bbox 2067 3381 2106 3430; x_wconf 89' lang='lat' dir='ltr'>re</span> <span class='ocrx_word' id='word_1_165' title='bbox 2124 3382 2170 3432; x_wconf 82' lang='lat' dir='ltr'>en</span> 
     </span>
     <span class='ocr_line' id='line_1_16' title="bbox 540 3494 2170 3597; baseline 0 -22"><span class='ocrx_word' id='word_1_166' title='bbox 540 3505 643 3575; x_wconf 88' lang='lat' dir='ltr'>omni</span> <span class='ocrx_word' id='word_1_167' title='bbox 654 3518 756 3597; x_wconf 86' lang='lat' dir='ltr'>parte</span> <span class='ocrx_word' id='word_1_168' title='bbox 773 3501 913 3587; x_wconf 88' lang='lat' dir='ltr'>meriti,</span> <span class='ocrx_word' id='word_1_169' title='bbox 924 3516 962 3571; x_wconf 91' lang='lat' dir='ltr'>et</span> <span class='ocrx_word' id='word_1_170' title='bbox 976 3498 1107 3596; x_wconf 85' lang='lat' dir='ltr'>quibus</span> <span class='ocrx_word' id='word_1_171' title='bbox 1122 3495 1217 3594; x_wconf 86' lang='lat' dir='ltr'>ipse,</span> <span class='ocrx_word' id='word_1_172' title='bbox 1233 3497 1353 3595; x_wconf 80' lang='lat' dir='ltr'>uqutd</span> <span class='ocrx_word' id='word_1_173' title='bbox 1365 3497 1513 3570; x_wconf 91' lang='lat' dir='ltr'>demum</span> <span class='ocrx_word' id='word_1_174' title='bbox 1525 3494 1594 3569; x_wconf 89' lang='lat' dir='ltr'>hac</span> <span class='ocrx_word' id='word_1_175' title='bbox 1613 3498 1649 3568; x_wconf 93' lang='lat' dir='ltr'>in</span> <span class='ocrx_word' id='word_1_176' title='bbox 1666 3521 1704 3568; x_wconf 90' lang='lat' dir='ltr'>re</span> <span class='ocrx_word' id='word_1_177' title='bbox 1722 3494 1812 3586; x_wconf 89' lang='lat' dir='ltr'>scio,</span> <span class='ocrx_word' id='word_1_178' title='bbox 1827 3515 1948 3571; x_wconf 88' lang='lat' dir='ltr'>totum</span> <span class='ocrx_word' id='word_1_179' title='bbox 1962 3523 2023 3571; x_wconf 88' lang='lat' dir='ltr'>me</span> <span class='ocrx_word' id='word_1_180' title='bbox 2037 3499 2170 3575; x_wconf 85' lang='lat' dir='ltr'>debere</span> 
     </span>
     <span class='ocr_line' id='line_1_17' title="bbox 537 3625 2169 3744; baseline 0.001 -26"><span class='ocrx_word' id='word_1_181' title='bbox 537 3646 732 3744; x_wconf 85' lang='lat' dir='ltr'>profiteor,</span> <span class='ocrx_word' id='word_1_182' title='bbox 753 3645 836 3716; x_wconf 87' lang='lat' dir='ltr'>licet</span> <span class='ocrx_word' id='word_1_183' title='bbox 853 3625 901 3714; x_wconf 86' lang='lat' dir='ltr'>ad</span> <span class='ocrx_word' id='word_1_184' title='bbox 916 3641 1072 3742; x_wconf 87' lang='lat' dir='ltr'>speciem</span> <span class='ocrx_word' id='word_1_185' title='bbox 1089 3643 1193 3712; x_wconf 85' lang='lat' dir='ltr'>aliter</span> <span class='ocrx_word' id='word_1_186' title='bbox 1210 3644 1303 3713; x_wconf 89' lang='lat' dir='ltr'>inter</span> <span class='ocrx_word' id='word_1_187' title='bbox 1319 3641 1354 3713; x_wconf 91' lang='lat' dir='ltr'>se</span> <span class='ocrx_word' id='word_1_188' title='bbox 1370 3641 1497 3714; x_wconf 87' lang='lat' dir='ltr'>sentire</span> <span class='ocrx_word' id='word_1_189' title='bbox 1513 3641 1727 3728; x_wconf 86' lang='lat' dir='ltr'>videantur,</span> <span class='ocrx_word' id='word_1_190' title='bbox 1744 3638 1888 3737; x_wconf 84' lang='lat' dir='ltr'>possunt</span> <span class='ocrx_word' id='word_1_191' title='bbox 1902 3659 2023 3716; x_wconf 88' lang='lat' dir='ltr'>tamen</span> <span class='ocrx_word' id='word_1_192' title='bbox 2036 3645 2169 3719; x_wconf 87' lang='lat' dir='ltr'>eodem</span> 
     </span>
     <span class='ocr_line' id='line_1_18' title="bbox 536 3783 2168 3888; baseline 0 -27"><span class='ocrx_word' id='word_1_193' title='bbox 536 3791 647 3888; x_wconf 88' lang='lat' dir='ltr'>plane</span> <span class='ocrx_word' id='word_1_194' title='bbox 665 3785 795 3860; x_wconf 72' lang='lat' dir='ltr'>sensisse</span> <span class='ocrx_word' id='word_1_195' title='bbox 814 3787 950 3870; x_wconf 92' lang='lat' dir='ltr'>modo,</span> <span class='ocrx_word' id='word_1_196' title='bbox 972 3803 1012 3859; x_wconf 89' lang='lat' dir='ltr'>ut</span> <span class='ocrx_word' id='word_1_197' title='bbox 1036 3788 1154 3857; x_wconf 83' lang='lat' dir='ltr'>omnic</span> <span class='ocrx_word' id='word_1_198' title='bbox 1171 3785 1330 3881; x_wconf 88' lang='lat' dir='ltr'>denique</span> <span class='ocrx_word' id='word_1_199' title='bbox 1347 3787 1563 3882; x_wconf 88' lang='lat' dir='ltr'>opinionum</span> <span class='ocrx_word' id='word_1_200' title='bbox 1581 3783 1764 3859; x_wconf 83' lang='lat' dir='ltr'>diverfitas</span> <span class='ocrx_word' id='word_1_201' title='bbox 1783 3811 1830 3859; x_wconf 86' lang='lat' dir='ltr'>ex</span> <span class='ocrx_word' id='word_1_202' title='bbox 1854 3810 1901 3860; x_wconf 88' lang='lat' dir='ltr'>eo</span> <span class='ocrx_word' id='word_1_203' title='bbox 1921 3787 2098 3861; x_wconf 76' lang='lat' dir='ltr'>duntaxat</span> <span class='ocrx_word' id='word_1_204' title='bbox 2113 3813 2168 3862; x_wconf 87' lang='lat' dir='ltr'>rc·</span> 
     </span>
     <span class='ocr_line' id='line_1_19' title="bbox 535 3928 2167 4033; baseline 0.001 -28"><span class='ocrx_word' id='word_1_205' title='bbox 535 3933 696 4033; x_wconf 86' lang='lat' dir='ltr'>petenda</span> <span class='ocrx_word' id='word_1_206' title='bbox 713 3933 775 4019; x_wconf 84' lang='lat' dir='ltr'>bt,</span> <span class='ocrx_word' id='word_1_207' title='bbox 793 3956 869 4003; x_wconf 92' lang='lat' dir='ltr'>non</span> <span class='ocrx_word' id='word_1_208' title='bbox 889 3931 989 4026; x_wconf 90' lang='lat' dir='ltr'>quod</span> <span class='ocrx_word' id='word_1_209' title='bbox 1009 3933 1169 4001; x_wconf 89' lang='lat' dir='ltr'>minerae</span> <span class='ocrx_word' id='word_1_210' title='bbox 1185 3930 1249 4026; x_wconf 78' lang='lat' dir='ltr'>ipsc</span> <span class='ocrx_word' id='word_1_211' title='bbox 1271 3928 1498 4001; x_wconf 82' lang='lat' dir='ltr'>essentialiter</span> <span class='ocrx_word' id='word_1_212' title='bbox 1513 3928 1619 4017; x_wconf 77' lang='lat' dir='ltr'>inest,</span> <span class='ocrx_word' id='word_1_213' title='bbox 1644 3953 1754 4026; x_wconf 91' lang='lat' dir='ltr'>quam</span> <span class='ocrx_word' id='word_1_214' title='bbox 1778 3935 1901 4027; x_wconf 88' lang='lat' dir='ltr'>potius</span> <span class='ocrx_word' id='word_1_215' title='bbox 1921 3932 2024 4027; x_wconf 91' lang='lat' dir='ltr'>quod</span> <span class='ocrx_word' id='word_1_216' title='bbox 2045 3957 2090 4004; x_wconf 87' lang='lat' dir='ltr'>ex</span> <span class='ocrx_word' id='word_1_217' title='bbox 2109 3957 2167 4006; x_wconf 89' lang='lat' dir='ltr'>ac·</span> 
     </span>
     <span class='ocr_line' id='line_1_20' title="bbox 537 4069 2167 4169; baseline 0.001 -20"><span class='ocrx_word' id='word_1_218' title='bbox 537 4078 704 4160; x_wconf 89' lang='lat' dir='ltr'>eidente,</span> <span class='ocrx_word' id='word_1_219' title='bbox 724 4091 763 4147; x_wconf 89' lang='lat' dir='ltr'>ut</span> <span class='ocrx_word' id='word_1_220' title='bbox 777 4073 943 4147; x_wconf 79' lang='lat' dir='ltr'>laudatus</span> <span class='ocrx_word' id='word_1_221' title='bbox 959 4071 1064 4169; x_wconf 89' lang='lat' dir='ltr'>supra</span> <span class='ocrx_word' id='word_1_222' title='bbox 1076 4069 1275 4147; x_wconf 83' lang='lat' dir='ltr'>Gmclinus</span> <span class='ocrx_word' id='word_1_223' title='bbox 1293 4078 1364 4161; x_wconf 87' lang='lat' dir='ltr'>ait„</span> <span class='ocrx_word' id='word_1_224' title='bbox 1396 4098 1476 4145; x_wconf 91' lang='lat' dir='ltr'>cum</span> <span class='ocrx_word' id='word_1_225' title='bbox 1502 4072 1632 4145; x_wconf 85' lang='lat' dir='ltr'>eadem</span> <span class='ocrx_word' id='word_1_226' title='bbox 1653 4071 1751 4143; x_wconf 78' lang='lat' dir='ltr'>isthic</span> <span class='ocrx_word' id='word_1_227' title='bbox 1772 4074 1956 4160; x_wconf 91' lang='lat' dir='ltr'>locorum,</span> <span class='ocrx_word' id='word_1_228' title='bbox 1986 4098 2061 4148; x_wconf 92' lang='lat' dir='ltr'>non</span> <span class='ocrx_word' id='word_1_229' title='bbox 2077 4079 2167 4150; x_wconf 88' lang='lat' dir='ltr'>item</span> 
     </span>
     <span class='ocr_line' id='line_1_21' title="bbox 535 4212 2166 4324; baseline 0.002 -32"><span class='ocrx_word' id='word_1_230' title='bbox 535 4219 645 4310; x_wconf 83' lang='lat' dir='ltr'>alibi,</span> <span class='ocrx_word' id='word_1_231' title='bbox 671 4219 771 4291; x_wconf 84' lang='lat' dir='ltr'>fimul</span> <span class='ocrx_word' id='word_1_232' title='bbox 791 4216 879 4308; x_wconf 84' lang='lat' dir='ltr'>esse,</span> <span class='ocrx_word' id='word_1_233' title='bbox 905 4235 968 4291; x_wconf 89' lang='lat' dir='ltr'>aut</span> <span class='ocrx_word' id='word_1_234' title='bbox 983 4243 1058 4291; x_wconf 91' lang='lat' dir='ltr'>non</span> <span class='ocrx_word' id='word_1_235' title='bbox 1073 4217 1166 4307; x_wconf 85' lang='lat' dir='ltr'>esse,</span> <span class='ocrx_word' id='word_1_236' title='bbox 1188 4217 1291 4324; x_wconf 84' lang='lat' dir='ltr'>solet.</span> <span class='ocrx_word' id='word_1_237' title='bbox 1318 4216 1443 4312; x_wconf 82' lang='lat' dir='ltr'>Atque</span> <span class='ocrx_word' id='word_1_238' title='bbox 1465 4212 1560 4287; x_wconf 92' lang='lat' dir='ltr'>hane</span> <span class='ocrx_word' id='word_1_239' title='bbox 1583 4216 1752 4304; x_wconf 85' lang='lat' dir='ltr'>demum,</span> <span class='ocrx_word' id='word_1_240' title='bbox 1780 4216 1942 4291; x_wconf 88' lang='lat' dir='ltr'>diversas</span> <span class='ocrx_word' id='word_1_241' title='bbox 1966 4222 2166 4295; x_wconf 82' lang='lat' dir='ltr'>contudem</span> 
     </span>
     <span class='ocr_line' id='line_1_22' title="bbox 435 4324 2166 4462; baseline 0 -24"><span class='ocrx_word' id='word_1_242' title='bbox 435 4324 437 4329; x_wconf 17' lang='grc' dir='ltr'><strong><em>Κ</em></strong></span> <span class='ocrx_word' id='word_1_243' title='bbox 538 4365 585 4438; x_wconf 87' lang='lat' dir='ltr'>ad</span> <span class='ocrx_word' id='word_1_244' title='bbox 604 4363 760 4462; x_wconf 90' lang='lat' dir='ltr'>speciem</span> <span class='ocrx_word' id='word_1_245' title='bbox 783 4364 986 4436; x_wconf 83' lang='lat' dir='ltr'>locutiones</span> <span class='ocrx_word' id='word_1_246' title='bbox 1010 4361 1244 4448; x_wconf 88' lang='lat' dir='ltr'>conciliandi,</span> <span class='ocrx_word' id='word_1_247' title='bbox 1272 4376 1309 4433; x_wconf 91' lang='lat' dir='ltr'>et</span> <span class='ocrx_word' id='word_1_248' title='bbox 1327 4359 1482 4459; x_wconf 77' lang='lat' dir='ltr'>benigne</span> <span class='ocrx_word' id='word_1_249' title='bbox 1506 4359 1763 4457; x_wconf 85' lang='lat' dir='ltr'>interpretandi</span> <span class='ocrx_word' id='word_1_250' title='bbox 1781 4363 1960 4434; x_wconf 85' lang='lat' dir='ltr'>rationem</span> <span class='ocrx_word' id='word_1_251' title='bbox 1971 4415 1984 4451; x_wconf 93' lang='lat'>‚</span> <span class='ocrx_word' id='word_1_252' title='bbox 2003 4363 2166 4440; x_wconf 72' lang='lat' dir='ltr'>moribus</span> 
     </span>
     <span class='ocr_line' id='line_1_23' title="bbox 538 4501 2165 4606; baseline -0.001 -23"><span class='ocrx_word' id='word_1_253' title='bbox 538 4512 631 4582; x_wconf 82' lang='lat' dir='ltr'>meis</span> <span class='ocrx_word' id='word_1_254' title='bbox 647 4511 814 4604; x_wconf 83' lang='lat' dir='ltr'>apprime</span> <span class='ocrx_word' id='word_1_255' title='bbox 833 4507 1079 4594; x_wconf 84' lang='lat' dir='ltr'>conformem,</span> <span class='ocrx_word' id='word_1_256' title='bbox 1104 4522 1206 4578; x_wconf 90' lang='lat' dir='ltr'>tanto</span> <span class='ocrx_word' id='word_1_257' title='bbox 1230 4505 1411 4577; x_wconf 77' lang='lat' dir='ltr'>lubentius</span> <span class='ocrx_word' id='word_1_258' title='bbox 1433 4505 1653 4590; x_wconf 85' lang='lat' dir='ltr'>declaratam</span> <span class='ocrx_word' id='word_1_259' title='bbox 1673 4501 1771 4574; x_wconf 83' lang='lat' dir='ltr'>idhic</span> <span class='ocrx_word' id='word_1_260' title='bbox 1798 4505 1922 4592; x_wconf 70' lang='lat' dir='ltr'>volui,</span> <span class='ocrx_word' id='word_1_261' title='bbox 1956 4527 2049 4580; x_wconf 85' lang='lat' dir='ltr'>nea</span> <span class='ocrx_word' id='word_1_262' title='bbox 2074 4533 2165 4606; x_wconf 91' lang='lat' dir='ltr'>quo·</span> 
     </span>
     <span class='ocr_line' id='line_1_24' title="bbox 537 4645 2165 4751; baseline 0.001 -27"><span class='ocrx_word' id='word_1_263' title='bbox 537 4677 649 4751; x_wconf 87' lang='lat' dir='ltr'>quam</span> <span class='ocrx_word' id='word_1_264' title='bbox 668 4655 706 4724; x_wconf 91' lang='lat' dir='ltr'>in</span> <span class='ocrx_word' id='word_1_265' title='bbox 729 4651 964 4750; x_wconf 80' lang='lat' dir='ltr'>suspicionem</span> <span class='ocrx_word' id='word_1_266' title='bbox 975 4675 1106 4739; x_wconf 84' lang='lat' dir='ltr'>vocer,</span> <span class='ocrx_word' id='word_1_267' title='bbox 1123 4649 1285 4748; x_wconf 83' lang='lat' dir='ltr'>sugillare</span> <span class='ocrx_word' id='word_1_268' title='bbox 1306 4671 1366 4720; x_wconf 89' lang='lat' dir='ltr'>me</span> <span class='ocrx_word' id='word_1_269' title='bbox 1383 4645 1532 4724; x_wconf 84' lang='lat' dir='ltr'>voluisse</span> <span class='ocrx_word' id='word_1_270' title='bbox 1552 4648 1654 4739; x_wconf 84' lang='lat' dir='ltr'>illos,</span> <span class='ocrx_word' id='word_1_271' title='bbox 1676 4673 1768 4746; x_wconf 83' lang='lat' dir='ltr'>quos</span> <span class='ocrx_word' id='word_1_272' title='bbox 1791 4646 1862 4720; x_wconf 90' lang='lat' dir='ltr'>hac</span> <span class='ocrx_word' id='word_1_273' title='bbox 1884 4646 1959 4720; x_wconf 89' lang='lat' dir='ltr'>sola</span> <span class='ocrx_word' id='word_1_274' title='bbox 1988 4673 2034 4722; x_wconf 82' lang='lat' dir='ltr'>cn</span> <span class='ocrx_word' id='word_1_275' title='bbox 2062 4651 2165 4726; x_wconf 84' lang='lat' dir='ltr'>causa</span> 
     </span>
     <span class='ocr_line' id='line_1_25' title="bbox 537 4783 2164 4894; baseline 0.001 -25"><span class='ocrx_word' id='word_1_276' title='bbox 537 4797 695 4880; x_wconf 81' lang='lat' dir='ltr'>adduxi,</span> <span class='ocrx_word' id='word_1_277' title='bbox 713 4801 799 4894; x_wconf 89' lang='lat' dir='ltr'>quia</span> <span class='ocrx_word' id='word_1_278' title='bbox 819 4812 857 4868; x_wconf 91' lang='lat' dir='ltr'>et</span> <span class='ocrx_word' id='word_1_279' title='bbox 884 4798 1069 4892; x_wconf 89' lang='lat' dir='ltr'>praecipui</span> <span class='ocrx_word' id='word_1_280' title='bbox 1088 4794 1185 4882; x_wconf 91' lang='lat' dir='ltr'>sunt,</span> <span class='ocrx_word' id='word_1_281' title='bbox 1197 4783 1250 4867; x_wconf 52' lang='lat' dir='ltr'>‘et</span> <span class='ocrx_word' id='word_1_282' title='bbox 1264 4817 1311 4867; x_wconf 84' lang='lat' dir='ltr'>ex</span> <span class='ocrx_word' id='word_1_283' title='bbox 1327 4790 1516 4890; x_wconf 86' lang='lat' dir='ltr'>splendore</span> <span class='ocrx_word' id='word_1_284' title='bbox 1534 4795 1680 4868; x_wconf 87' lang='lat' dir='ltr'>illorum</span> <span class='ocrx_word' id='word_1_285' title='bbox 1696 4793 1833 4890; x_wconf 88' lang='lat' dir='ltr'>aliquid</span> <span class='ocrx_word' id='word_1_286' title='bbox 1858 4809 1896 4868; x_wconf 87' lang='lat' dir='ltr'>ct</span> <span class='ocrx_word' id='word_1_287' title='bbox 1917 4795 1954 4866; x_wconf 92' lang='lat' dir='ltr'>in</span> <span class='ocrx_word' id='word_1_288' title='bbox 1974 4819 2058 4870; x_wconf 86' lang='lat' dir='ltr'>mea</span> <span class='ocrx_word' id='word_1_289' title='bbox 2073 4793 2164 4870; x_wconf 89' lang='lat' dir='ltr'>baec</span> 
     </span>
     <span class='ocr_line' id='line_1_26' title="bbox 536 4936 1219 5037; baseline -0.003 -25"><span class='ocrx_word' id='word_1_290' title='bbox 536 4939 664 5037; x_wconf 85' lang='lat' dir='ltr'>scripta</span> <span class='ocrx_word' id='word_1_291' title='bbox 684 4941 883 5013; x_wconf 87' lang='lat' dir='ltr'>redundare</span> <span class='ocrx_word' id='word_1_292' title='bbox 901 4936 1001 5035; x_wconf 84' lang='lat' dir='ltr'>posse</span> <span class='ocrx_word' id='word_1_293' title='bbox 1016 4937 1219 5035; x_wconf 84' lang='lat' dir='ltr'>sperabam.</span> 
     </span>
    </p>
   </div>
   <div class='ocr_carea' id='block_1_8' title="bbox 536 5223 2249 5472">
    <p class='ocr_par' dir='ltr' id='par_1_8' title="bbox 536 5223 2249 5472">
     <span class='ocr_line' id='line_1_27' title="bbox 587 5223 2162 5326; baseline -0.002 -25"><span class='ocrx_word' id='word_1_294' title='bbox 587 5226 773 5314; x_wconf 72' lang='lat' dir='ltr'>Vidimus,</span> <span class='ocrx_word' id='word_1_295' title='bbox 791 5241 829 5297; x_wconf 88' lang='lat' dir='ltr'>ut</span> <span class='ocrx_word' id='word_1_296' title='bbox 848 5225 894 5297; x_wconf 91' lang='lat' dir='ltr'>de</span> <span class='ocrx_word' id='word_1_297' title='bbox 913 5223 1053 5322; x_wconf 88' lang='lat' dir='ltr'>spatosa</span> <span class='ocrx_word' id='word_1_298' title='bbox 1068 5225 1209 5324; x_wconf 88' lang='lat' dir='ltr'>plumbi</span> <span class='ocrx_word' id='word_1_299' title='bbox 1225 5229 1363 5300; x_wconf 83' lang='lat' dir='ltr'>minem</span> <span class='ocrx_word' id='word_1_300' title='bbox 1383 5225 1493 5315; x_wconf 86' lang='lat' dir='ltr'>locuti</span> <span class='ocrx_word' id='word_1_301' title='bbox 1513 5225 1610 5315; x_wconf 90' lang='lat' dir='ltr'>sunt,</span> <span class='ocrx_word' id='word_1_302' title='bbox 1634 5250 1726 5325; x_wconf 84' lang='lat' dir='ltr'>quos</span> <span class='ocrx_word' id='word_1_303' title='bbox 1744 5224 2028 5326; x_wconf 79' lang='lat' dir='ltr'>inMinecalogia</span> <span class='ocrx_word' id='word_1_304' title='bbox 2046 5229 2162 5300; x_wconf 84' lang='lat' dir='ltr'>maxi·</span> 
     </span>
     <span class='ocr_line' id='line_1_28' title="bbox 536 5333 2249 5472; baseline 0.004 -32"><span class='ocrx_word' id='word_1_305' title='bbox 536 5395 617 5442; x_wconf 86' lang='lat' dir='ltr'>mos</span> <span class='ocrx_word' id='word_1_306' title='bbox 638 5333 830 5444; x_wconf 83' lang='lat' dir='ltr'>veneratur</span> <span class='ocrx_word' id='word_1_307' title='bbox 845 5369 955 5443; x_wconf 88' lang='lat' dir='ltr'>orbis.</span> <span class='ocrx_word' id='word_1_308' title='bbox 980 5368 1041 5443; x_wconf 90' lang='lat' dir='ltr'>De</span> <span class='ocrx_word' id='word_1_309' title='bbox 1061 5367 1120 5442; x_wconf 88' lang='lat' dir='ltr'>sua</span> <span class='ocrx_word' id='word_1_310' title='bbox 1142 5370 1295 5470; x_wconf 87' lang='lat' dir='ltr'>quisque</span> <span class='ocrx_word' id='word_1_311' title='bbox 1325 5371 1465 5444; x_wconf 78' lang='lat' dir='ltr'>locutus</span> <span class='ocrx_word' id='word_1_312' title='bbox 1484 5373 1550 5462; x_wconf 83' lang='lat' dir='ltr'>eu,</span> <span class='ocrx_word' id='word_1_313' title='bbox 1580 5396 1690 5472; x_wconf 87' lang='lat' dir='ltr'>quam</span> <span class='ocrx_word' id='word_1_314' title='bbox 1715 5395 1802 5470; x_wconf 84' lang='lat' dir='ltr'>prae</span> <span class='ocrx_word' id='word_1_315' title='bbox 1829 5371 1995 5446; x_wconf 79' lang='lat' dir='ltr'>manibus</span> <span class='ocrx_word' id='word_1_316' title='bbox 2012 5368 2158 5459; x_wconf 86' lang='lat' dir='ltr'>habuit,</span> <span class='ocrx_word' id='word_1_317' title='bbox 2248 5425 2249 5428; x_wconf 63' lang='lat'>,</span> 
     </span>
    </p>
   </div>
   <div class='ocr_carea' id='block_1_9' title="bbox 0 0 2610 6609">
    <p class='ocr_par' dir='ltr' id='par_1_9' title="bbox 0 0 2610 6609">
     <span class='ocr_line' id='line_1_29' title="bbox 0 0 2610 6609; baseline 0 6"><span class='ocrx_word' id='word_1_318' title='bbox 0 0 2610 6609; x_wconf 95' lang='lat' dir='ltr'> </span> 
     </span>
    </p>
   </div>
  </div>
 </body>
</html>
