5209 6609
549 845 595 910 ¹4
1115 827 1559 898 ,ηε-3....-

543 1028 648 1112 ritur,
664 1023 724 1096 sed
744 1022 793 1096 ob
812 1021 998 1122 phlogilli,
1018 1027 1117 1123 quod
1140 1026 1286 1102 carboni
1310 1029 1415 1116 inell,
1437 1029 1629 1114 accessum,
1649 1046 1758 1127 atque
1783 1033 1878 1103 illico
1895 1031 2115 1106 subsecutam
2137 1041 2171 1108 in

540 1173 627 1245 foco
654 1171 732 1267 ipso
753 1169 981 1242 bullitiouem
1000 1174 1158 1257 metalli,
1190 1190 1227 1244 et
1246 1176 1325 1269 poll
1349 1194 1648 1248 momentaneam
1671 1177 1917 1262 bullitionem,
1945 1182 2172 1276 conquiesce·

541 1345 579 1392 re
602 1316 803 1417 globellum
832 1315 1032 1412 reguliuum
1051 1315 1264 1410 plumbeum
1286 1317 1574 1408 nitentilllmum,
1593 1323 1733 1393 circello
1751 1321 1851 1396 slavo
1871 1349 1917 1395 ex
1936 1324 2033 1396 calce
2055 1329 2172 1421 plum·

538 1467 597 1555 bi,
614 1462 758 1538 halonis
775 1461 820 1536 ad
841 1459 966 1544 inllar,
989 1463 1153 1534 cinctum.
1181 1461 1305 1562 Atque
1323 1461 1412 1538 haec
1432 1489 1505 1564 ope
1531 1465 1701 1540 caudicae
1717 1467 1822 1542 lentis
1840 1469 2005 1566 praellita
2027 1471 2118 1544 sunt.

590 1758 741 1831 Eadem·
753 1779 789 1834 et
802 1765 919 1836 multo
938 1770 1055 1854 major
1069 1768 1200 1849 etiam,
1221 1766 1442 1864 celeriorque
1455 1767 1709 1864 particularum
1720 1767 2020 1841 rhomboidanrm
2038 1767 2170 1864 disper·

503 1891 510 1908 ’
537 1903 606 1988 lio;
628 1907 726 1977 idem
746 1881 877 2000 etiam,
895 1917 1082 2009 majorque
1099 1917 1134 1983 in
1151 1912 1373 1985 diffractioue
1391 1913 1587 1986 earundem
1610 1915 1732 1986 ilridor
1749 1911 1941 1987 observata
1953 1915 2064 2000 suere,
2080 1936 2169 2010 quo·

533 2052 601 2122 ties
618 2053 678 2122 vel
701 2055 797 2125 vivis
814 2057 939 2150 pruni-s
957 2057 1145 2152 impolitae
1162 2059 1310 2153 crystalli
1331 2049 1549 2129 lamellaeve
1574 2057 1663 2153 spati
1678 2059 1906 2155 plumbiseri,
1926 2059 1986 2131 vel
2003 2073 2170 2129 emortuo

497 2280 500 2292 Ι
534 2196 683 2292 quidem
715 2197 885 2284 corboni,
919 2202 1054 2274 directa
1071 2219 1192 2274 tamen
1217 2206 1253 2273 iu
1281 2226 1342 2273 eas
1369 2227 1435 2298 per
1461 2203 1788 2275 ferruminatoriam
1820 2202 1971 2274 filiolam
1999 2201 2170 2273 flammae

533 2341 700 2438 cuspide,
720 2347 816 2441 ignia
833 2345 1084 2440 persentiscere
1104 2351 1182 2420 vim
1201 2363 1417 2442 coeperunt:
1437 2362 1477 2420 ut
1493 2349 1587 2420 adeo
1605 2373 1678 2420 non
1698 2351 1736 2418 in
1744 2348 1984 2419 scrobiculurn
2005 2347 2170 2418 carbonis

533 2485 710 2559 duntaxat
727 2489 941 2583 profundius
961 2490 1185 2580 inserendae,
1208 2492 1271 2563 sed
1292 2494 1407 2564 altero
1429 2519 1577 2591 quoque
1596 2491 1824 2590 obtegendae
1842 2489 2012 2581 carbone,
2026 2507 2087 2564 aut
2097 2513 2170 2562 cer·

532 2647 569 2703 te
586 2633 805 2729 liquescente
827 2633 1147 2733 spumescenteque
1169 2636 1301 2708 borace
1324 2637 1587 2710 obvolvendae
1611 2653 1719 2710 antea
1740 2625 1894 2723 suerint,
1919 2662 1964 2708 ne
1994 2659 2066 2733 qua
2088 2634 2173 2706 data

533 2745 642 2874 porta
661 2775 875 2876 diffugerent
893 2782 1002 2855 illico.
1031 2780 1098 2853 His
1115 2782 1321 2854 constrictae
1338 2783 1492 2868 vinculis
1510 2783 1713 2867 earundem
1727 2781 1875 2878 quidem
1897 2779 2171 2877 dillipati0‚nou

533 2949 625 2999 vero
648 2925 788 2998 elallica
809 2925 1078 3025 strepidausque
1100 2925 1275 2998 diffractio
1301 2928 1480 3024 impedita
1504 2929 1595 3011 tuin
1618 2944 1748 3024 utpote
1768 2951 1861 3023 quae
1880 2943 1954 2998 eta
1975 2929 2094 2998 vicina
2111 2947 2172 2996 ex·

531 3070 650 3142 audiri
666 3086 819 3159 aure‚·et
838 3073 1048 3144 continuata
1058 3095 1170 3166 porro
1187 3073 1323 3145 fusione
1335 3075 1369 3144 iu
1379 3072 1541 3168 pluribus
1557 3075 1673 3168 iisque
1690 3035 1892 3143 a⁵dmodum
1906 3073 2043 3168 exiguis
2052 3072 2172 3166 pium·

531 3214 569 3286 bi
586 3215 736 3309 regulini
759 3215 927 3312 globellis
947 3217 1039 3286 intra
1058 3214 1198 3288 boracis
1220 3220 1376 3304 vitrum,
1397 3219 1504 3289 oculo
1525 3221 1636 3289 etiam
1649 3217 1765 3289 videri
1783 3220 1914 3313 potuit.
1944 3215 2077 3287 lterum
2090 3239 2172 3288 eum

425 3463 429 3470 Ι
530 3325 685 3434 lamellis
707 3364 948 3461 crystallisque
965 3358 1107 3456 plumbi
1126 3359 1254 3456 spatofi
1273 3361 1362 3434 ilavi
1385 3367 1502 3458 prima
1519 3363 1588 3434 feci
1610 3366 1883 3459 experimenta,
1915 3378 1992 3432 turn
2018 3385 2099 3434 cum
2121 3361 2171 3432 al·

531 3507 586 3580 bis
603 3525 641 3580 et
657 3509 760 3580 aliter
776 3510 964 3594 eoloratis,
983 3505 1133 3578 tandem
1149 3509 1262 3578 etiam
1279 3531 1361 3578 cum
1380 3505 1553 3604 hyalinia‚
1573 3507 1820 3588 candoribus,
1836 3505 2168 3578 metallicoloribus.

528 3629 631 3742 Hae,
650 3654 724 3724 alio
744 3677 786 3724 ac
802 3651 903 3724 ilavo
919 3645 1107 3748 praeditae
1126 3651 1261 3734 colore,
1277 3667 1425 3747 peracta
1440 3677 1513 3722 non
1532 3651 1602 3723 stne
1622 3651 1780 3738 stridore,
1798 3649 2021 3722 diffractione
2038 3667 2074 3722 et
2094 3649 2167 3722 dis·

526 3798 715 3897 perlione,
735 3799 909 3870 collectae
932 3800 1083 3880 iterum,
1114 3795 1162 3866 ad
1179 3794 1352 3868 flammae
1369 3793 1552 3891 cuspidem
1572 3795 1768 3866 calcinatae
1789 3793 1866 3866 sunt
1894 3797 1931 3866 in
1951 3811 2082 3868 terram
2110 3817 2169 3868 co·

528 3947 613 4016 loris
632 3943 999 4017 lateritio-rubr10non
1019 3943 1287 4037 permanentis,
1309 3940 1499 4036 fiquidem,
1531 3956 1571 4011 ut
1596 3964 1618 4012 a
1642 3939 1792 4012 flamma
1818 3953 1966 4014 remota·
1984 3942 2051 4011 suit
2075 3957 2168 4012 terra

524 4088 617 4162 haec
635 4089 828 4174 calcinata,
858 4089 1062 4182 iterumque
1082 4086 1289 4182 frigefacta,
1322 4088 1357 4156 in
1384 4088 1547 4158 citriuum
1568 4085 1675 4159 ruber
1692 4084 1780 4156 abiit
1797 4086 1978 4172 colorem,
1997 4101 2033 4156 et
2052 4111 2097 4156 ex
2120 4087 2167 4156 ci·

532 4237 626 4307 trino
645 4233 692 4306 ad
704 4232 892 4308 flammam
906 4231 1027 4303 denuo
1044 4233 1081 4300 in
1096 4231 1264 4314 rubrum;
1281 4234 1561 4328 continuataque
1579 4255 1691 4328 porro
1710 4231 1842 4302 fillulac
1857 4229 2167 4302 ferruminatoriae

529 4379 851 4475 actione‚.abrque
871 4374 1088 4464 omnifariis,
1108 4393 1170 4448 aut
1188 4375 1313 4448 lluoris
1329 4377 1511 4448 mineralis
1534 4377 1775 4465 adminiculo,
1794 4380 1829 4450 in
1847 4374 1987 4472 plumbi
2016 4373 2091 4446 susa
2111 4397 2165 4446 re·

525 4529 674 4625 gulam,
694 4520 887 4620 sulphureo
907 4524 1066 4593 cinctum
1083 4521 1224 4594 nimbo.
1250 4523 1305 4595 At
1320 4522 1403 4593 illae
1418 4520 1538 4594 flavae
1556 4519 1626 4594 hoc
1643 4526 1753 4594 etiam
1776 4525 1974 4594 tentamine
1988 4519 2164 4592 diffieilio-

525 4673 573 4741 ris
594 4671 707 4767 paulo
736 4666 954 4740 reductionis
984 4683 1105 4749 erant;
1131 4663 1336 4764 longilsrmo
1357 4669 1525 4763 quamvis
1550 4682 1717 4762 tempore
1741 4669 1957 4753 calcinatae,
1977 4687 2162 4761 nunquam

529 4791 766 4888 t'aicinatione
783 4810 911 4884 rubrae
927 4811 1046 4884 factae
1063 4809 1165 4894 sunt3
1184 4814 1393 4882 continuata
1412 4811 1547 4882 rursum
1566 4835 1632 4908 per
1650 4813 1793 4908 longius
1814 4805 1989 4907 temporis
2010 4809 2162 4906 spatium

525 4959 697 5033 dammae
715 4961 753 5031 vi
765 4958 861 5032 susae
883 4956 1035 5057 quidem
1051 4955 1200 5028 tandem
1219 4953 1297 5027 sum
1314 4958 1508 5052 particulae
1525 4958 1611 5028 illae
1621 4955 1836 5044 catenatae,
1853 4958 1888 5027 in
1909 4954 2058 5028 scoriam
2078 4957 2161 5026 vitri

527 5105 697 5187 similem,
715 5103 775 5176 sed
795 5129 889 5202 quae
906 5105 1046 5203 absque
1067 5099 1198 5172 borace
1222 5123 1297 5172 non
1318 5101 1377 5174 nili
1397 5103 1594 5198 aegerrime
1612 5100 1751 5197 aliquid
1766 5101 1907 5198 plumbi
1921 5100 2138 5197 largiebatur
2145 5123 2157 5184 ;

527 5253 629 5321 citius
645 5250 891 5344 aliquantum,
920 5251 981 5322 etsr
997 5275 1072 5322 non
1090 5241 1276 5334 etrtffime,
1301 5243 1467 5318 adhibito
1484 5245 1585 5316 srmul
1603 5244 1754 5331 borace,
1780 5245 1904 5318 addito
1920 5245 2077 5341 denique
2095 5245 2162 5314 mi.

526 5392 640 5468 scelae
661 5417 708 5466 ex
725 5391 826 5490 spato
843 5393 1065 5489 plumbisero
1082 5394 1183 5470 flavo
1203 5408 1241 5466 et
1265 5390 1417 5480 borace,
1442 5389 1583 5464 tantillo
1603 5392 1703 5480 nitri,
1729 5415 1812 5464 cum
1839 5389 2057 5464 instantanea
2079 5391 2160 5462 nitri
