5209 6609
1175 871 1569 898 -ι--ιι-ι--ΰ

523 863 578 935 54

524 1044 764 1124 craffiulculae
790 1019 1063 1122 horizontanrei
1095 1047 1200 1146 super
1223 1053 1371 1122 matrice
1400 1049 1704 1146 procumbentes,
1740 1048 1920 1146 quaedam
1951 1065 2078 1120 tamen
2112 1046 2160 1118 ad

401 1224 404 1234 ·
523 1193 697 1290 angulum
725 1208 863 1263 rectum
887 1193 949 1264 vel
970 1192 1160 1289 obliquum
1182 1193 1384 1265 inlidcntes.
1417 1193 1551 1286 Quoad
1573 1195 1732 1266 formam
1753 1217 1819 1265 cae
1841 1191 1920 1264 sunt
1949 1191 2157 1277 octaedrae‚

521 1339 893 1432 utrinquetruncatac
903 1387 915 1423 ,
934 1333 994 1406 seu
1011 1334 1232 1432 hexagono·
1247 1335 1492 1435 prismaticae,
1511 1339 1629 1434 planis
1648 1337 1773 1412 baseos
1790 1337 2007 1433 verticisque
2025 1355 2159 1426 aequa·

520 1479 604 1554 liter
625 1476 854 1576 hexagonis,
888 1495 1013 1551 centro
1037 1478 1254 1576 plerumque
1279 1478 1406 1551 follula
1430 1497 1578 1571 notato,
1601 1479 1806 1555 lateralibus
1830 1502 1919 1552 vero
1945 1480 2063 1577 planis
2083 1475 2160 1564 sex,

520 1624 907 1719 parallelogrammicis
926 1622 1141 1720 allongatis,
1158 1629 1235 1713 jam
1255 1621 1484 1721 aequalibus,
1501 1629 1576 1713 iam
1593 1626 1736 1698 alternis
1754 1621 2025 1720 angustioribus.
2038 1581 2160 1714 Quae·

439 1757 442 1761 ’
519 1769 565 1838 rit
588 1763 817 1854 Wallerius,
837 1734 1021 1839 undenam
1036 1765 1105 1838 illio
1130 1766 1230 1837 color
1245 1725 1396 1838 viridis?
1420 1768 1601 1842 crederem
1621 1767 1718 1840 haud
1739 1767 1846 1840 dubie
1864 1791 1885 1838 a
1900 1765 2008 1838 ferro.
2033 1763 2159 1836 Plum-

522 1909 560 1982 bi
583 1908 688 1999 hujus
706 1908 831 2005 spatosr
855 1909 1213 2006 cryllallosullulanti
1232 1907 1323 1980 mibi
1348 1933 1413 1982 eae
1431 1913 1627 2008 aliqualem
1640 1914 1791 1985 odorem
1811 1912 1975 1984 alliatum
1995 1907 2159 2006 spargere
2211 1873 2215 1884 Ἴ

395 2119 403 2132 ,
522 2052 620 2126 visae
646 2052 861 2139 sunt;·unde
886 2079 963 2125 non
987 2053 1089 2124 omni
1116 2051 1297 2126 destitutas
1316 2052 1383 2126 elle
1406 2053 1562 2127 arsenico
1586 2058 1686 2146 (licet
1706 2023 1828 2128 fotian
1855 2053 1971 2128 solum
1994 2051 2158 2124 acciden-

521 2197 604 2285 tali)
634 2218 696 2268 eas
723 2195 888 2293 suspicor.
916 2162 1004 2270 Non
1031 2196 1276 2268 contradicam
1299 2200 1366 2285 iis,
1392 2199 1453 2294 qui
1478 2199 1634 2294 plumbo
1661 2196 1803 2296 spatoso
1832 2197 1938 2270 viridi
1962 2220 2035 2268 non
2059 2193 2155 2266 adeo

523 2363 697 2438 magnam
721 2342 849 2414 fusioni
870 2342 1109 2412 refractariam
1129 2337 1196 2410 elle
1219 2339 1382 2412 indolem
1402 2343 1645 2426 contendunt;
1671 2359 1708 2416 at
1726 2366 1794 2440 ego
1813 2341 1960 2436 quidem
1978 2365 2023 2412 ex
2042 2339 2160 2410 omni·

522 2483 590 2556 bus
609 2486 689 2556 aliis
705 2484 847 2581 plumbi
868 2484 995 2580 spatofi
1015 2483 1258 2557 varietatibus·
1270 2486 1406 2557 nullam
1424 2485 1485 2557 uili
1505 2483 1598 2558 banc
1614 2485 1770 2560 viridem
1791 2481 1925 2557 offendi
1950 2501 2027 2558 tam
2050 2483 2160 2579 perti·

520 2650 661 2700 nacem.
683 2628 745 2699 Ad
762 2628 1043 2737 ardentiilimam
1064 2625 1179 2698 tubuli
1199 2631 1476 2703 ferruminatorii
1501 2629 1690 2702 flammam
1709 2628 1827 2724 saepes
1836 2630 1997 2724 repetitis
2018 2625 2160 2702 vicibus

525 2795 607 2842 cum
625 2795 669 2844 ea
685 2772 814 2844 inllitui
833 2776 1099 2869 experimenta:
1121 2760 1362 2871 cum'fragorc
1379 2777 1414 2844 in
1432 2775 1565 2846 multas
1582 2773 1696 2846 statim
1713 2770 1854 2844 dilliluit
1871 2773 2035 2844 lamellas
2055 2772 2160 2842 mini·
2178 2741 2193 2762 ³

520 2939 619 3002 mas,
650 2939 743 3014 quae
779 2916 1006 3013 diligentera
1026 2940 1086 2990 me
1109 2918 1282 2991 collectae
1305 2920 1508 3015 iterumque
1530 2917 1701 2990 flammae
1722 2917 1895 2990 admotae
1916 2915 1996 3010 poll
2015 2931 2175 3020 tempus!

522 3059 674 3156 'aliquod
694 3060 841 3131 rubrum
856 3059 1050 3132 induerunt
1066 3062 1249 3145 colorem,
1270 3078 1307 3133 et
1321 3063 1432 3157 paulo
1443 3061 1521 3156 poll
1537 3061 1659 3134 odoris
1670 3037 1782 3133 alliati
1799 3057 2015 3148 arsenicalis,
2032 3076 2072 3131 ut
2084 3063 2161 3148 j'am

522 3205 673 3290 monui,
698 3203 881 3274 tantillum
902 3203 1008 3276 edere
1031 3229 1097 3277 cae
1123 3203 1212 3276 mihi
1232 3205 1331 3279 vilae
1352 3204 1450 3288 sunt;
1468 3208 1676 3278 continuata
1699 3201 1871 3274 flammae
1896 3203 2040 3290 actione
2060 3200 2161 3272 fusae

527 3346 675 3440 quidem
697 3346 800 3434 lunt,
823 3347 884 3418 vel
892 3398 905 3434 ,
931 3364 972 3420 ut
998 3336 1119 3421 verius
1144 3348 1284 3435 dicam,
1308 3351 1344 3419 in
1372 3350 1482 3421 valde
1508 3350 1620 3422 dilute
1647 3350 1831 3422 virentem
1854 3345 2085 3419 solummodo
2107 3337 2163 3415 se·
2207 3423 2209 3428 ,

455 3472 459 3478 ’
525 3489 799 3583 mipellucidum
818 3507 1079 3565 concreverunt
1094 3490 1306 3590 globulum,
1328 3497 1425 3581 cujus
1444 3491 1642 3588 superficies
1658 3491 1742 3562 huic
1759 3488 2006 3584 circumscripti
2027 3513 2073 3560 ex
2091 3488 2161 3558 mi·

525 3637 634 3705 nimis
666 3633 782 3728 planis
810 3635 1006 3706 nitentibus
1034 3634 1220 3729 compofiti
1251 3636 1427 3733 polygoni
1452 3631 1606 3731 speciem
1635 3657 1719 3730 prae
1748 3632 1783 3704 se
1819 3633 1985 3716 ferebat3-
2009 3647 2048 3705 et
2080 3653 2162 3703 cum

526 3775 681 3874 ulterius
693 3775 884 3850 inllitiffem
909 3773 1112 3906 operationi
1132 3769 1397 3866 cum‘flamma
1410 3777 1549 3876 globuli
1574 3775 1980 3874 polyiidri.viridescens
2001 3777 2100 3850 color
2122 3778 2160 3846 in

441 4009 449 4028 ι
527 3923 640 3994 alium
659 3923 799 3992 transiit
812 3920 920 4016 plane
938 3945 1121 3992 corneum.
1149 3921 1223 3997 Sed
1239 3945 1332 3993 nunc
1351 3919 1522 3994 fiammae
1539 3924 1595 3992 vis
1614 3919 1755 4018 prorsus
1775 3921 2027 3994 destituebatur
2043 3919 2161 3992 cilica-

529 4068 658 4153 citatc,
682 4089 730 4136 nc
754 4062 801 4133 ab
817 4064 984 4151 adjuncto
1003 4062 1142 4136 Borace
1160 4064 1306 4161 quidem
1324 4065 1438 4137 ullum
1455 4047 1636 4137 ferebatur
1650 4065 1843 4153 auxilium,
1862 4086 2011 4136 comeus
2029 4050 2159 4163 g'lobu·
2247 4097 2254 4110 ·

526 4212 583 4282 lus
608 4207 806 4305 polyddrus
828 4208 1039 4303 neutiquam
1067 4210 1249 4280 immutari
1269 4189 1428 4305 poterat.
1452 4208 1607 4298 Adiecta
1627 4209 1782 4305 denique
1808 4207 1954 4306 aliquali
1978 4207 2056 4280 salis
2078 4209 2158 4279 nitri

526 4329 697 4448 portione
728 4355 877 4448 ejusque
908 4368 1057 4450 peracta
1084 4351 1344 4440 decoratione,
1380 4353 1485 4430 multi
1518 4356 1647 4428 minuti
1679 4353 1796 4426 llatim
1822 4353 2051 4451 praecipitati
2081 4349 2160 4426 lunt

526 4494 694 4590 plumbei
720 4497 848 4593 reguli.

1402 4681 1416 4722 l
