5209 6609
1088 935 1482 953 ——1——n——a--a

2076 929 2102 1002 9

463 1113 619 1188 quacum
646 1089 809 1164 chemica
833 1091 978 1166 inliituit
995 1097 1264 1190 experimenta,
1288 1101 1387 1186 enjus
1414 1099 1609 1192 principia,
1635 1100 1904 1194 proprietates,
1931 1100 2098 1176 valorem

461 1237 642 1308 internum
659 1253 698 1310 et
708 1253 894 1311 externam
910 1240 1054 1327 faciem,
1072 1241 1407 1339 configurationem,
1427 1241 1684 1339 symmetriam,
1706 1247 1867 1319 colorem
1878 1262 1946 1320 etc.
1962 1249 2010 1322 ad
2021 1273 2096 1324 cer-

461 1395 517 1453 tat
532 1385 617 1455 artis
636 1385 796 1482 regulas,
826 1400 865 1456 et
883 1383 1103 1481 syllematica
1118 1388 1248 1483 analysr
1266 1388 1461 1485 inquisivit.

514 1667 762 1744 Carinthiacae
786 1677 848 1770 qni
863 1677 1113 1763 meminerint,
1134 1673 1312 1747 alii-haud
1329 1675 1431 1766 sunt,
1461 1701 1571 1775 quam
1590 1673 1815 1781 Scopolt'ur,
1837 1676 2028 1768 Berosus,
2058 1701 2095 1758 et

461 1812 581 1886 euthia
601 1813 831 1900 Gmelinus3
854 1817 979 1916 singuli
1004 1818 1125 1892 verbis
1149 1844 1260 1917 quarn
1285 1819 1521 1915 paucislimis3
1548 1819 1718 1896 videntur
1745 1849 1835 1897 uero
1863 1827 2008 1900 frustula
2030 1827 2095 1901 ha-

457 1957 568 2032 buiffe
587 1965 739 2051 jamjam
765 1961 985 2051 fatiscentia,
1019 1979 1082 2036 aut
1101 1989 1174 2061 qua
1192 1965 1486 2065 demumcunque
1518 1993 1564 2040 ex
1587 1967 1688 2040 eausa
1715 1973 1858 2068 egregie
1875 1975 2028 2054 vitiata.
2054 1991 2094 2048 ut

457 2128 505 2176 ne
520 2107 737 2204 elegantiam
757 2111 795 2178 in
810 2131 854 2179 ea
870 2110 1005 2199 ullam,
1030 2135 1097 2182 nee
1112 2111 1310 2184 distinctam
1330 2113 1570 2210 crystallorum
1590 2113 1744 2212 figuram
1767 2115 1937 2214 detegere
1961 2134 2105 2216 potue-¹

456 2251 526 2322 rint
534 2299 548 2335 ‚
564 2267 602 2323 et
617 2249 835 2350 amorpham
851 2278 927 2326 uno
945 2279 1073 2329 omnes
1093 2281 1156 2330 ore
1175 2257 1342 2330 dixerint.
1436 2241 1441 2250 ’

510 2541 563 2613 At
582 2545 778 2643 veroquid
794 2541 981 2640 speciosius
998 2547 1090 2626 illa?
1113 2548 1201 2646 quid
1222 2547 1429 2620 ordinatum
1446 2549 1594 2647 magis?
1625 2563 1719 2646 qua'e
1741 2549 1969 2622 lamellarum
1990 2566 2094 2626 tene.

456 2686 603 2757 ritudo?
620 2713 733 2784 quam
751 2708 876 2762 exacta
892 2693 1165 2790 polygonorum
1189 2693 1490 2789 circumscriptio?
1508 2705 1548 2769 'e't
1563 2699 1721 2790 partium
1740 2693 1953 2792 singularum
1976 2723 2092 2770 venu-

454 2829 550 2902 llas?
567 2848 747 2906 eteorum
764 2839 855 2910 inter
869 2837 905 2909 se
920 2855 1047 2910 mutua
1061 2843 1252 2934 proportio
1262 2863 1303 2910 ac
1323 2838 1555 2934 symmetria?
1569 2863 1681 2936 quam
1698 2839 1895 2936 multiplex
1914 2799 2092 2938 eryllallo·

453 3000 533 3048 rum
560 2981 746 3068 varietas,
771 2985 894 3071 nitor,
919 2984 1139 3083 elegantia?
1163 2985 1211 3058 ad
1244 2983 1494 3058 Geometricas
1517 3000 1683 3058 exactam
1706 2986 1806 3083 leges
1824 2989 1946 3058 verius
1969 2986 2089 3078 dicas,

454 3147 566 3219 quam
585 3123 794 3198 informem.

502 3415 714 3512 Antequam
733 3444 824 3491 vero
845 3421 1016 3520 lingulas,
1048 3417 1142 3519 quae
1171 3420 1207 3492 se
1237 3420 1328 3491 mihi
1354 3420 1586 3507 obtulerunt,
1611 3417 1843 3516 percenseam
1866 3422 2085 3508 varietates,

449 3561 555 3634 liceat
574 3566 781 3661 generalem
805 3566 969 3654 ejusdem
987 3566 1262 3662 descriptionem
1283 3567 1388 3653 dare,
1415 3581 1452 3636 et
1467 3568 1702 3661 partitionem
1729 3567 1846 3664 magis
1869 3564 1942 3637 late
1959 3579 2088 3661 paten-

450 3724 526 3781 tem
548 3709 696 3782 siatuere
708 3737 719 3796 ς
744 3727 932 3801 naturam,
956 3713 1139 3800 indolem,
1160 3715 1426 3824 proprietates,
1454 3727 1490 3782 et
1507 3709 1635 3782 harum
1653 3708 1910 3807 phaenomena
1930 3712 2087 3807 inquire·

449 3879 509 3941 re,
531 3880 626 3951 quae
646 3858 682 3925 in
705 3881 787 3927 earn
805 3882 922 3955 aquae
941 3858 1043 3930 sortis
1065 3860 1120 3929 via
1129 3883 1141 3941 ;
1157 3860 1208 3928 uti
1227 3856 1260 3927 se
1279 3860 1316 3928 in
1339 3856 1484 3928 diversis
1504 3859 1596 3953 ignis
1612 3854 1782 3952 gradibus
1795 3847 1949 3939 habeat}
1971 3878 2086 3951 quan·

447 4016 526 4072 tum
549 3999 691 4096 plumbi
711 4004 914 4084 contineat;
931 4019 967 4072 et
985 4026 1078 4096 quae
1098 4003 1255 4098 denique
1271 4002 1454 4090 ejusdem,
1476 4002 1591 4096 qualis
1611 3999 1737 4073 saltem
1761 4003 1797 4071 in
1817 3998 2003 4072 Carinthia
2023 4022 2085 4072 oc·

448 4147 573 4231 currit,
597 4147 794 4241 principia,
819 4162 881 4217 aut
908 4147 1094 4233 fimavit,
1118 4162 1240 4241 partes
1266 4146 1330 4217 sint
1348 4143 1610 4216 constituentes.
1644 4146 1702 4219 Ac
1725 4148 1884 4241 primum
1912 4145 2085 4216 metallici

448 4259 598 4387 quidem
629 4291 665 4360 in
689 4315 732 4361 ea
747 4291 963 4390 plerumque
988 4289 1077 4362 nihil
1096 4289 1234 4386 uspiam
1255 4287 1489 4363 assecuturum
1508 4305 1543 4361 te
1558 4281 1691 4376 oculo,
1720 4287 1780 4362 sed
1803 4313 1850 4361 ne
1876 4291 1938 4363 vel
1966 4293 2086 4380 conje-

357 4530 364 4542 κ
446 4451 548 4506 crura
556 4433 698 4530 speres;
717 4436 789 4508 live
800 4438 974 4523 colorem,
984 4425 1057 4509 fi've
1067 4434 1428 4522 duritiem,niturem,
1439 4451 1499 4506 aut
1508 4435 1718 4507 densitatem
1731 4425 1936 4530 perpendat
1946 4436 2085 4519 animo,
2196 4529 2198 4534 Ι

443 4596 575 4652 terram
599 4596 663 4651 ant
680 4581 843 4677 lapidem
866 4599 980 4668 certe,
1009 4605 1083 4652 non
1101 4582 1289 4653 metallum
1309 4578 1487 4652 revidere
1515 4579 1750 4666 exillimabis3
1776 4579 1872 4652 adeo
1895 4581 2019 4667 etiam,
2040 4593 2081 4652 ut

445 4728 643 4821 plurimum
659 4730 757 4800 vitro
777 4726 915 4813 fimitis,
935 4742 976 4797 ut
995 4741 1032 4799 et
1050 4727 1270 4824 rigiditatem
1295 4742 1332 4797 et
1348 4726 1602 4824 fragilitatem,
1622 4723 1931 4822 pelluciditatem,
1957 4739 1993 4795 et
2011 4723 2084 4795 sra-

447 4887 583 4942 cturam
601 4874 684 4943 vitri
705 4887 768 4943 aut
789 4877 941 4943 omnino
963 4869 1121 4955 habeat,
1137 4889 1200 4945 aut
1221 4869 1364 4944 affectet
1380 4870 1517 4981 saltem.
1545 4871 1647 4944 Haec
1664 4887 1787 4943 tamen
1807 4873 1924 4958 major
1943 4870 2082 4940 ratione

445 5015 551 5087 faciei
570 5033 739 5090 externae
760 5041 842 5088 eum
859 5019 980 5106 vitro,
1006 5041 1116 5115 quam
1136 5041 1218 5090 eum
1234 5018 1386 5089 metallo
1406 5018 1620 5104 fimilitudo,
1641 5016 1739 5089 haud
1763 5037 1949 5114 quaquam
1966 5016 2084 5110 impe·

446 5159 520 5247 dit,
539 5187 613 5260 quo
635 5166 753 5234 minus
770 5164 958 5260 pondere,
982 5180 1065 5253 aut,
1095 5179 1134 5236 ut
1150 5163 1268 5238 dicere
1284 5187 1470 5250 amamus,
1496 5165 1699 5262 gravitate,
1731 5163 1889 5234 metallis
1907 5161 2079 5257 propius,

444 5329 554 5404 quam
572 5307 753 5405 lapidibus
773 5309 940 5394 accedat3
966 5334 1087 5408 neque
1114 5310 1154 5383 id
1176 5313 1326 5397 mirum,
1353 5333 1436 5382 curn
1458 5309 1520 5383 vel
1541 5312 1726 5382 communi
1749 5305 1993 5380 docimallicee
2018 5327 2080 5376 ex·

1662 5451 1694 5526 B
