5209 6609
1256 525 1274 566 δ

1317 1033 1437 1140 XX.

406 1281 411 1290 ’
559 1305 1114 1450 Plumbumspatrffum
1135 1275 2190 1457 crystallffatumrubrumsemrpelluciduin,

705 1495 784 1598 cri
816 1495 938 1598 allrlr
966 1495 1195 1598 minimis
1221 1497 1372 1638 deific
1396 1504 1713 1644 aggregatis,
1738 1505 1936 1641 purtim
1969 1503 2193 1642 triungm

704 1679 1280 1819 lari-pyramidalibur‚
1309 1688 1508 1821 partim
1542 1688 1857 1824 triangulari
1862 1659 2194 1828 -cplremnari

704 1841 826 1982 bui,
863 1863 919 1966 in
936 1868 1102 1969 altera
1120 1869 1440 1970 extremitate
1459 1871 1856 2008 pyramidalitcr
1872 1875 2194 1992 acuminatis,

707 2069 818 2154 tum
835 2049 990 2152 etiam
1013 2050 1262 2153 aluminis
1282 2051 1441 2190 irfiur
1453 2056 1762 2174 octolateris,
1781 2059 1935 2159 etiam
1955 2059 2148 2197 irregul
2178 2125 2195 2144 ·

707 2237 832 2339 riter
844 2234 1191 2352 multilatera,
1216 2254 1266 2338 ct
1279 2237 1580 2342 rotundatis.
1627 2241 1758 2344 Tab.
1795 2244 1909 2344 VII.
1930 2245 1986 2346 F
1981 2245 2045 2381 ig.
2075 2245 2153 2346 16.

609 2541 830 2654 Fxsodinu
846 2541 1083 2620 Helleniunu
1101 2543 1159 2619 od
1170 2560 1340 2622 montem
1364 2545 1507 2624 Veluclt
1516 2575 1637 2653 prope
1652 2545 1927 2654 moringam,
1938 2549 2061 2658 supe,-
2077 2551 2197 2630 Zineo

563 2683 580 2708 ⁰
707 2688 868 2798 spetioso
893 2685 1043 2786 drrtstco
1062 2685 1151 2765 albo
1174 2703 1213 2763 et
1226 2687 1433 2788 pellucido.

561 2925 707 3058 lterum
733 2971 844 3046 valde
864 2966 1040 3068 speciosa,
1067 2960 1146 3038 rara
1170 2967 1205 3036 in
1234 2963 1308 3060 ipsa
1333 2961 1520 3040 carinthia
1540 2993 1712 3066 novaque
1731 2973 1897 3042 varietas.
1925 2968 2055 3044 Nullae
2075 2967 2137 3044 hic
2151 2971 2202 3042 la·

559 3117 702 3194 minam
721 3109 779 3185 led
798 3105 1048 3196 minutilirma,
1066 3101 1246 3180 veriffima
1262 3119 1407 3197 tamen,
1425 3107 1446 3176 li
1465 3107 1749 3204 longitudinem,
1766 3075 2005 3198 latitudinem,
2024 3125 2138 3206 atque
2154 3108 2204 3182 al·

484 3223 490 3234 .
558 3253 751 3328 titudinem
770 3247 926 3346 spectat,
950 3245 1170 3346 geometrica
1187 3241 1391 3338 corpuscula
1415 3243 1572 3320 formata
1591 3246 1639 3318 ad
1656 3247 1910 3320 determinatas
1926 3223 2043 3346 leges,
2066 3248 2206 3322 nitidae

560 3389 758 3490 eryllulluli.
791 3385 944 3460 Iulidem
969 3381 1099 3456 crudae
1127 3379 1231 3454 albae
1256 3385 1291 3452 in
1309 3382 1756 3456 caeruleo-lactescentem
1773 3387 1932 3458 colorem
1948 3393 2136 3485 vergenti,
2153 3386 2202 3465 se·
2299 3427 2304 3438 ·

561 3527 836 3630 mipellucidae,
864 3539 901 3598 et
918 3519 1310 3596 statuentia-deutera
1329 3519 1431 3594 Zinci
1450 3518 1594 3618 lpatoir,
1613 3523 1806 3598 obducenti
1825 3528 2001 3598 mineram
2019 3523 2136 3602 Zinci·
2149 3532 2204 3602 vi·
2271 3543 2277 3558 '

563 3689 677 3750 tretrm
706 3663 877 3746 Wullerii
893 3663 1213 3754 albo-cinereum,
1235 3685 1391 3760 opacam
1411 3662 1647 3770 solidamque.
1675 3663 1734 3736 De
1750 3664 1933 3760 speciebus
1949 3669 2203 3746 varietatibus·
2240 3671 2246 3684 '

562 3824 633 3900 quo
651 3797 754 3872 Zinci
775 3789 993 3876 Corinthiaci
1018 3791 1088 3866 alia
1106 3791 1288 3866 ocealione
1315 3805 1507 3864 tractatum
1532 3793 1650 3864 edam.
1679 3789 1747 3862 Hic
1771 3789 1918 3864 sufficiat
1942 3793 2100 3882 notalle,
2127 3823 2204 3872 cor·

563 3935 705 4040 pustula
721 3957 836 4034 parra
854 3933 916 4008 illu
931 3931 978 4006 td
997 3929 1191 4032 plumbum
1206 3933 1396 4028 pertinere.
1423 3927 1514 4002 Sunt
1534 3927 1601 4002 hae
1619 3929 1791 4020 crystalli,
1808 3935 1858 4004 uti
1874 3937 1949 4021 jam
1967 3940 2109 4025 monui,
2125 3937 2202 4010 val·

562 4079 608 4156 de
629 4079 802 4174 exiguae.
820 4087 859 4148 ut
877 4071 1031 4170 genuina
1047 4067 1245 4145 eorundem
1263 4071 1376 4168 ligura
1394 4069 1458 4142 soli
1474 4085 1615 4142 armato
1636 4071 1742 4142 oculo
1759 4086 1903 4166 pateat,
1928 4071 2050 4144 colore
2066 4075 2203 4148 intense

561 4218 683 4307 rubro,
698 4214 914 4312 laevigata,
931 4207 1231 4308 semipellucirlae,
1250 4205 1474 4294 unirentur
1495 4233 1752 4308 nonnunquam
1764 4207 1938 4282 solitariae
1950 4207 2008 4282 hic
2024 4211 2096 4284 illic
2107 4213 2203 4313 spar-

563 4357 638 4449 sae,
663 4355 772 4430 rnrlm
793 4350 1042 4428 temerantiam
1062 4346 1173 4447 prelle
1190 4349 1374 4422 collectae.
1409 4345 1609 4445 Pleraeque
1626 4351 1875 4446 triangulares,
1900 4367 2061 4436 erector,
2086 4355 2203 4464 graci-
2255 4433 2260 4438 ,

564 4499 631 4585 lor,
660 4493 922 4592 diruidiumque
947 4491 1080 4566 lineum
1106 4489 1200 4565 altor
1219 4511 1352 4580 conos,
1380 4489 1440 4562 vel
1466 4489 1589 4584 potius
1615 4487 1822 4582 pyramides
1841 4485 2015 4574 referunt,
2046 4513 2202 4584 quarum
2349 4570 2352 4578 .

563 4637 650 4714 lrulir
672 4633 885 4729 triangulum
913 4631 1173 4730 aeqrtilutemm
1189 4627 1257 4717 eil,
1285 4628 1397 4702 latera
1421 4627 1530 4700 etiam
1547 4628 1712 4724 aequalia
1728 4625 1815 4701 sunt.
1852 4625 2125 4721 Conspiciuntur
2146 4645 2202 4700 ta-

563 4801 645 4857 mrn
666 4773 867 4878 spinulum.
885 4795 978 4871 qum
995 4772 1116 4868 purim
1133 4767 1262 4868 prisma
1281 4767 1494 4866 triangulare
1512 4765 1742 4854 conilituu‘nt,
1767 4769 1863 4854 cujus
1879 4789 1974 4862 apex
1992 4769 2029 4836 in
2045 4766 2202 4840 brevem

563 4923 815 5017 triguuumqne
836 4907 1068 5013 pymmirlom
1090 4922 1305 4983 attenuatur.
1341 4901 1478 4980 lterum
1501 4905 1593 4980 aliae
1616 4903 1690 4978 lunt
1716 4905 1966 4976 aluminarium
1991 4903 2094 4978 inllar
2119 4930 2200 5002 cry·

563 5059 742 5134 llullurtutt
761 5051 951 5128 trrtuddruo
977 5062 1014 5123 et
1042 5049 1159 5147 magio
1183 5046 1350 5122 minnere
1372 5043 1719 5142 tegrrltreo,rlcilicet
1743 5043 1963 5142 compolitae
1988 5067 2035 5115 ex
2056 5043 2198 5118 duabus

564 5191 810 5301 'ryrntnirlilmr
840 5187 1111 5290 mnrdrllutrrir,
1137 5211 1288 5286 qunmm
1317 5183 1414 5258 balea
1439 5191 1580 5258 coc‘nnt.
1626 5185 1793 5258 Tandem
1817 5209 1891 5254 non
1915 5185 2032 5254 minus
2059 5167 2198 5258 mixta&

563 5362 642 5417 mut
664 5330 837 5438 rulmlluu
859 5330 979 5406 luroul
997 5326 1188 5428 plurlrttm,
1207 5327 1297 5400 uliae
1315 5325 1548 5424 irregulariter
1562 5323 1753 5414 formatae,
1777 5325 1863 5420 quin
1881 5325 1957 5394 imo
1975 5321 2198 5420 globulares,
2224 5377 2237 5406 ,
