5209 6609
1042 887 1438 924 μ
1827 837 1830 844 '
2018 907 2060 979 ¹5

430 1092 688 1177 detonatione,
708 1085 976 1162 numerolillimi
994 1085 1095 1160 fimnl
1114 1087 1257 1185 plumbi
1273 1086 1409 1184 reguli,
1435 1087 1471 1156 in
1491 1083 1633 1182 liquido
1655 1083 1814 1171 boracic,
1841 1084 1996 1179 nitrique
2012 1085 2066 1170 ju·

434 1239 533 1312 sculo
552 1235 798 1310 cernebantur.

486 1537 545 1608 An
564 1531 633 1609 bae
651 1535 811 1634 Cryllalli
831 1535 998 1636 sulphure
1028 1535 1289 1610 mineralisatae
1314 1533 1417 1609 lunt?
1448 1559 1522 1610 non
1541 1545 1658 1632 putor
1686 1551 1771 1603 nam
1796 1529 1857 1604 etfi
1878 1525 2066 1602 detonatio

436 1683 517 1754 nitri
532 1681 751 1780 phlogillon,
767 1699 805 1756 et
820 1683 1080 1756 inflammabile
1096 1707 1225 1779 corpus
1244 1681 1360 1755 adesse
1381 1682 1522 1776 semper
1537 1677 1687 1764 indicet,
1706 1691 1829 1748 tamen
1845 1675 1906 1748 nili
1923 1653 1994 1748 alia
2013 1697 2067 1744 ar·

435 1842 610 1926 gumenta
627 1826 817 1914 accedant,
843 1827 942 1900 haud
956 1829 1043 1900 inde
1064 1828 1224 1925 sequitur
1241 1825 1391 1923 sulphur
1411 1821 1517 1897 inesse
1538 1821 1620 1894 huic
1639 1825 1818 1910 minerae,
1851 1846 1933 1894 cum
1957 1821 2067 1893 etiam

434 1971 601 2068 praesens
625 1972 663 2042 in
683 1971 839 2044 carbone
850 1971 1055 2070 phlogillon
1075 1975 1209 2044 nitrum
1226 1971 1400 2044 detonare
1419 1967 1538 2066 pollit,
1557 1983 1593 2039 et
1611 1984 1706 2040 certe
1723 1967 1841 2039 solum
1859 1967 1979 2084 saciat.
2009 1966 2070 2038 An

436 2117 595 2190 arsenico
614 2117 876 2189 mineralisatae
897 2115 1010 2188 sunt?
1039 2115 1133 2189 Illud
1159 2139 1277 2214 neque
1294 2113 1462 2202 asserere,
1485 2083 1605 2209 neque
1624 2137 1756 2210 negare
1777 2110 1895 2184 adhuc
1915 2107 2067 2210 polium,

437 2287 547 2362 quam
558 2265 620 2335 din
634 2261 771 2332 invasis
789 2261 909 2331 clausis
928 2262 1027 2334 nulla
1045 2285 1127 2332 cum
1146 2264 1190 2332 iia
1208 2261 1278 2334 feci
1294 2263 1556 2356 experimenta.
1586 2257 1680 2330 Illud
1697 2258 1788 2347 scio,
1806 2279 1873 2330 nec
1892 2260 1927 2330 in
1946 2281 2070 2330 earum

402 2479 408 2488 .
435 2409 669 2493 ullulatione,
689 2406 811 2477 necin
829 2406 1085 2492 calcinatione‚
1105 2429 1173 2477 nec
1189 2405 1347 2502 denique
1367 2408 1401 2477 in
1425 2401 1561 2478 sulione
1580 2420 1618 2476 et
1634 2403 1864 2492 reductione,
1884 2383 2072 2478 vel'mini-

436 2577 539 2626 mum
555 2554 694 2624 alliacei
715 2549 838 2622 odoris
853 2574 914 2622 mc
931 2547 1123 2624 observare
1139 2547 1312 2646 potuisse,
1336 2552 1504 2647 quamvis·
1530 2549 1576 2620 de
1594 2549 1758 2621 industria
1775 2515 2003 2623 attenderim.
2031 2547 2071 2620 Sl

437 2699 485 2770 dc
503 2697 602 2770 flava
623 2696 901 2769 concederemus
920 2699 1117 2780 varietate,
1140 2664 1284 2767 arsenici
1310 2709 1347 2764 et
1363 2695 1556 2788 praecipue
1575 2691 1840 2766 Carinthiacam
1867 2679 1967 2766 illam
1985 2717 2072 2766 con-

437 2847 551 2916 tinere
570 2839 681 2922 nihil;
699 2839 939 2912 fundamento
953 2854 1085 2925 *tamen
1103 2836 1200 2906 haud
1213 2837 1327 2907 statim
1341 2853 1474 2908 careret
1485 2838 1595 2932 perid
1606 2839 1781 2912 sententia
1794 2839 1954 2927 ejusdem
1969 2859 2072 2934 prae·

438 2989 590 3062 sentiam
608 2989 644 3060 in
667 2985 770 3058 aliter
791 2979 1150 3080 colorqtic‚'aliarum
1167 2981 1357 3090 regionum
1375 2979 1609 3062 varietatibus
1632 2981 1823 3058 adllrucnu.

493 3281 745 3362 Observabam
768 3308 877 3384 porro
901 3289 1025 3362 inillis
1044 3313 1125 3363 cum
1144 3287 1232 3363 tubo
1251 3287 1541 3362 ferruminatorio
1559 3285 1838 3384 experimentis,
1858 3287 2072 3359 varietatem

439 3430 564 3504 albam
583 3455 718 3528 quarzo
732 3433 900 3520 similem,
913 3429 1126 3530 'hyalinam‚
1144 3435 1354 3507 excolerem
1367 3435 1597 3529 pellucidam,
1618 3449 1655 3504 et
1678 3433 1862 3504 metallico
1884 3435 2001 3505 nitore
2019 3457 2073 3504 rc-

441 3575 691 3672 splendcntem
702 3628 713 3663 ,
732 3596 877 3673 peracta
893 3578 1047 3650 stridenti
1067 3577 1270 3650 dillilitione
1291 3594 1329 3650 et
1344 3580 1598 3664 calcinationc,
1615 3578 1710 3648 illico
1735 3577 1872 3675 absque
1893 3580 1994 3648 omni
2009 3577 2073 3650 ad·
2113 3541 2116 3548 ¹

439 3721 636 3807 miniculo,
657 3737 721 3794 aut
743 3721 953 3796 difficultate
969 3723 1111 3806 reduci3
1136 3747 1218 3796 cum
1241 3739 1365 3795 tamen
1385 3747 1428 3796 ea
1440 3777 1450 3810 ‚
1476 3746 1569 3820 quae
1593 3707 1708 3795 slavo*
1724 3725 1834 3795 tincta
1862 3723 1909 3794 ell
1931 3721 2076 3804 colore,

438 3869 657 3965 pertinacior
681 3870 827 3954 multo,
855 3867 996 3964 plumbi
1024 3869 1063 3940 lit
1083 3865 1380 3955 retinentissimu,
1408 3867 1569 3964 illudque
1589 3866 1667 3940 sola
1689 3890 1763 3939 non
1793 3867 1853 3940 nisr
1874 3863 2075 3940 avidissime

439 4013 628 4109 largiatur;
643 4015 720 4082 imo
738 4035 806 4084 nec
824 4037 906 4084 cum
937 3991 1067 4085 borace
1088 4010 1270 4100 citissrme,
1296 4013 1357 4084 nisr
1379 4013 1528 4110 quidem
1547 4011 1671 4086 addito
1692 3997 1800 4084 'fimul
1825 4015 1946 4100 nitro,
1978 4017 2078 4102 cujus

440 4157 589 4230 demum
608 4157 865 4245 dctonationc,
897 4156 1102 4256 ubicunque
1132 4158 1194 4230 vel
1214 4159 1352 4230 tantilla
1370 4157 1511 4253 plumbi
1539 4159 1725 4258 particella
1745 4161 1939 4255 reperitur,
1965 4157 2078 4253 proti·
2193 4197 2199 4210 =

440 4325 507 4376 oua
527 4303 627 4374 illam
642 4305 761 4374 excuti
779 4301 917 4376 necesse
938 4303 998 4374 ell.
1025 4303 1202 4400 Magnam
1222 4302 1316 4375 banc
1325 4304 1474 4408 plumbi
1493 4303 1642 4400 sputos,
1671 4326 1758 4400 prae
1785 4305 1933 4377 caeteris
1953 4301 2076 4373 Carin-

441 4444 567 4518 tlriacie
587 4447 836 4535 varietatibus,
856 4449 983 4519 suboni
1004 4447 1245 4520 refractariam
1261 4449 1425 4522 indolem
1439 4447 1544 4546 saepe
1556 4449 1751 4522 admiratus
1770 4449 1871 4535 lum,
1888 4453 1984 4538 cujus
1995 4471 2078 4520 cum

391 4631 401 4682 ;
442 4594 540 4687 apud
560 4617 620 4705 me
638 4592 779 4666 causam
800 4595 1009 4692 indagarem
1018 4589 1039 4682 ‚‘
1050 4617 1124 4666 non
1141 4596 1210 4665 alia
1217 4645 1230 4678 ,
1253 4595 1391 4682 fateor,
1408 4617 1497 4667 vcro
1517 4593 1663 4665 similior
1680 4591 1769 4666 mibi
1789 4579 1866 4668 visa
1886 4591 1946 4682 cll,
1965 4570 2078 4692 qnam
2177 4653 2197 4678 .

441 4735 680 4810 modicissima
698 4740 760 4810 illa
777 4739 880 4826 serti,
898 4764 991 4839 quae
1008 4741 1175 4812 varietati
1187 4738 1308 4812 flavae
1327 4756 1515 4835 practerea
1542 4737 1647 4825 inest,
1667 4742 1814 4835 portio;
1833 4765 1906 4812 non
1928 4737 1976 4812 ob
1995 4763 2079 4812 eam

443 4885 645 4970 rationem,
680 4883 781 4981 quod
805 4883 937 4957 serrum
961 4899 1103 4980 partem
1123 4883 1392 4957 constitutivam
1416 4886 1574 4955 minerae
1601 4881 1848 4956 Cariathiacac
1869 4883 1936 4956 elle
1962 4885 2076 4958 exilii·

443 5050 567 5111 mem,
589 5027 651 5100 secl
676 5029 776 5126 quod
802 5029 941 5102 nullum
957 5054 1031 5100 non
1049 5029 1242 5126 plumbum
1256 5028 1438 5124 spatulum
1460 5030 1582 5125 aliqua
1600 5029 1722 5102 saltem
1749 5030 1851 5100 calcis
1877 5029 2078 5104 suetum-fit

442 5175 662 5268 quantitate,
684 5189 723 5246 ut
738 5199 784 5246 cx
801 5175 963 5263 ejusdem
980 5178 1016 5245 in
1028 5199 1123 5272 aqua
1139 5174 1224 5248 forti
1239 5172 1418 5246 solutione
1431 5191 1658 5270 compertum
1671 5171 1868 5257 lrabcmus3
1893 5175 1942 5244 ita
1953 5179 2077 5264 etiam,

443 5339 535 5412 quae
556 5315 677 5392 flavae
698 5321 864 5391 varietati
887 5319 972 5390 inest
989 5289 1090 5408 calu,
1107 5321 1233 5392 intime
1254 5317 1354 5389 simul
1374 5320 1520 5416 argillae
1537 5321 1651 5390 mixta
1668 5319 1737 5408 cll,
1756 5342 1821 5390 nec
1837 5321 2078 5416 qualicunque

444 5462 591 5556 argillae
598 5513 609 5549 ,
634 5460 701 5536 sed
718 5465 871 5594 argillaq
881 5466 1038 5538 martiali
1060 5464 1192 5541 flavae.
1221 5463 1262 5538 ln
1275 5487 1357 5538 eam
1380 5465 1595 5562 opinionem
1613 5461 1703 5537 baec
1718 5463 1939 5564 potissimum
1958 5464 2077 5538 obser·
