5209 6609
1077 879 1446 935 ’'¹¹¹¹'’
2028 915 2078 986 33

441 1099 643 1198 spiciendo.
667 1099 728 1172 Ad
754 1096 1043 1183 nulibulaborec
1072 1094 1376 1187 reformidabam,
1397 1093 1459 1194 spe
1474 1093 1707 1193 ··potillimum
1728 1097 1789 1168 illa
1813 1094 1945 1180 fretus,
1968 1122 2080 1197 quern

443 1247 544 1318 c'olor
566 1245 625 1317 ille
645 1241 898 1340 hyacinthinus
915 1241 1007 1314 mibi
1021 1241 1168 1314 fecerat.
1196 1239 1405 1313 Carbonem
1423 1243 1547 1338 itaque
1567 1258 1773 1338 emortuum
1791 1239 1894 1338 super
1910 1243 1979 1314 illis
1999 1268 2080 1340 par·

443 1390 561 1476 tibus,
590 1411 685 1485 quae
702 1365 868 1484 plurimis
887 1387 1060 1460 dendritis
1081 1387 1213 1458 oblitae
1243 1403 1369 1468 erant,
1399 1387 1584 1476 tumbam,
1611 1403 1650 1458 ut
1669 1385 1744 1483 ipsa
1763 1382 1830 1458 bac
1851 1391 2077 1464 trituratione

443 1535 688 1609 dendrirantrn
705 1535 893 1604 materiem
910 1557 934 1604 a
946 1533 1112 1604 :calcareo
1129 1533 1332 1614 aulemnlr
1354 1529 1700 1628 globulumrboracis
1718 1533 1940 1628 pellucidum
1959 1527 2079 1628 super-

443 1680 613 1777 imposui,
623 1696 660 1751 et
677 1676 862 1750 mediante
881 1672 974 1749 tubo
986 1649 1666 1772 serrumittaturidllammae-cuspidem
1688 1679 1979 1774 caute'adplicuir
1991 1677 2084 1752 Glo-

443 1827 548 1899 bulus
573 1823 632 1896 bic
660 1825 832 1895 continuo
850 1826 986 1920 magia,
1008 1817 1199 1921 magisque
1217 1824 1339 1894 colore
1357 1819 1592 1916 hyacinthino
1614 1821 1839 1924 tingebatur,
1863 1839 1961 1896 totus
1980 1825 2084 1898 limus

444 1967 646 2070 pellucidis
656 1986 1125 2065 atqnerpuntepermanens.
1145 1966 1242 2058 Quid
1251 1964 1794 2063 buiccxperimentoopponas,
1826 1985 1921 2040 certe
1936 1993 2010 2041 non
2030 1973 2085 2042 vi·

443 2118 529 2189 deo.
540 2114 729 2186 Calcareus
742 2115 839 2185 enirn
849 2137 871 2182 a
881 2111 1017 2184 fullone
1029 2113 1181 2183 intactus
1195 2127 1331 2196 manet,
1344 2128 1381 2182 et
1390 2112 1925 2207 liwquaeetiitmejuuparticulaa
1937 2112 2082 2188 mensae

445 2257 608 2344 fuissent,
630 2255 799 2354 globulus
822 2255 881 2326 hic
904 2256 1067 2350 albidum
1087 2251 1316 2350 porcellanae
1336 2259 1498 2329 colorem
1519 2253 1689 2328 debuisset
1713 2259 1898 2352 accipere,
1920 2281 1985 2328 uec
2004 2263 2084 2356 pel·

446 2404 585 2477 lucidus
614 2399 798 2472 manlilset.
826 2399 945 2471 Carbo
969 2401 1108 2470 nullum
1135 2399 1445 2497 boracifi'colorem
1473 2402 1614 2484 tribuit,
1645 2400 1821 2474 sedtotus
1847 2403 1945 2472 inea
1970 2403 2083 2475 della·

446 2565 536 2647 grat.
556 2545 707 2618 Ferrum
725 2544 895 2616 boracem
913 2545 1038 2636 viridi,
1062 2544 1181 2631 fusco,
1199 2563 1260 2618 aut
1278 2551 1380 2646 nigro
1399 2549 1519 2630 colore
1539 2550 1657 2644 tingit.
1679 2545 1717 2618 si
1735 2548 1878 2642 itaque,
1901 2564 1940 2618 ut
1963 2543 2081 2620 Cron-

434 2689 610 2817 ssedttts,
638 2687 952 2814 Wulserippjetc.
972 2691 1121 2799 velunt,
1150 2687 1226 2795 sola
1243 2691 1426 2789 Magnesia
1452 2717 1534 2771 curn
1555 2693 1689 2816 'brtrace
1716 2689 1990 2818 ltpacintbinum
2021 2720 2082 2768 co.

444 2843 560 2912 lorem
578 2817 765 2934 producit,
783 2810 888 2923 liujus
908 2810 1109 2930 argumenti
1127 2837 1204 2906 vim
1221 2835 1326 2907 facile
1345 2813 1596 2932 perspicimus3
1615 2815 1850 2935 nigrarenim
1866 2836 1974 2912 hasce
1992 2841 2079 2911 den·

449 2983 558 3056 dritas
590 2985 689 3078 cupri
723 2969 851 3052 ni'ccoli
878 2975 1148 3067 ochram‘esle,
1175 3001 1286 3052 nemo
1327 2982 1466 3058 dixerit.
1503 2955 1576 3053 se'd
1605 2955 1624 3053 d
1653 2969 1868 3055 diverticulo
1895 2983 1941 3053 ad
1971 2986 2084 3054 viam.

454 3127 584 3225 Magni
606 3127 783 3222 denique,
815 3122 944 3219 quibus
969 3123 1091 3197 foetus
1107 3125 1191 3217 cll,
1212 3099 1334 3197 bisulci
1348 3101 1620 3200 'corrcbiformes
1641 3131 1843 3203 attentione
1867 3129 1967 3226 digni
1992 3125 2082 3200 sunt.
2170 3201 2175 3208 ,

447 3272 517 3344 Hic
534 3295 608 3344 non
627 3271 727 3342 nucis
748 3268 943 3352 duntaxat,
962 3268 1020 3342 sed
1037 3273 1141 3366 pomi
1167 3273 1278 3342 etiarn
1296 3274 1582 3370 magnitudinem
1606 3273 1786 3344 interdurn
1810 3288 1988 3370 aequant,
2008 3297 2082 3343 non

444 3416 615 3490 Conchae
643 3415 740 3512 ipsae
769 3440 888 3513 neque
920 3414 1048 3486 barum
1077 3414 1272 3510 typolitbi,
1307 3417 1369 3488 sed
1390 3417 1552 3506 ejusdem
1583 3418 1691 3512 plane
1722 3441 1804 3490 curn
1840 3435 1955 3489 matre
1992 3419 2087 3524 lapi·

454 3565 500 3637 de
523 3563 697 3636 materiae
723 3563 905 3633 calcareac
929 3560 1027 3648 sunt,
1050 3558 1141 3630 intra
1167 3563 1242 3647 eius
1266 3563 1442 3635 cavitates
1471 3557 1688 3655 consepulti,
1708 3561 1929 3658 easdemque
1958 3580 2085 3634 exacte

448 3711 609 3806 replent,
627 3705 688 3780 etsi
705 3729 787 3779 curn
803 3703 937 3778 eodem
951 3705 1114 3774 continui
1128 3701 1228 3790 baud
1245 3667 1341 3795 sunt,
1361 3721 1554 3800 propterea
1576 3705 1674 3802 qnod
1693 3683 1906 3802 plerumque
1923 3723 1985 3776 aut
2006 3705 2086 3801 glu-

446 3859 521 3928 tine
548 3870 739 3948 margaeeo
763 3850 872 3936 ruso,
892 3847 1595 3946 atttntullttitenuicryllallino-drusrca
1621 3849 1805 3946 diaphana
1829 3837 2110 3960 spaticplcnrci'

448 3999 522 4072 albi
547 3990 784 4071 obducantur.
803 3990 951 4068 normas
962 3991 1095 4065 nucleis
1115 3992 1292 4067 hisinllar
1309 3995 1552 4069 immobilium
1574 3993 1658 4068 emb
1698 4002 1815 4082 'ornum
1833 3998 1928 4066 intra
1951 3999 2085 4067 aetiten

451 4165 697 4216 marmoreum
720 4141 1171 4233 latitantium,·non·vaga
1193 4139 1373 4247 quaedam
1393 4141 1460 4225 eli,
1489 4141 1550 4212 fed
1574 4139 1735 4234 specifica
1758 4139 1897 4210 testacei
1916 4137 2086 4226 biralvis,

451 4287 741 4384 subtriangulari·
755 4285 1003 4371 cordisorrnis,
1023 4301 1090 4355 nec
1119 4286 1260 4372 costati,
1280 4284 1486 4371 nec'slriali‚
1504 4283 1563 4355 sed
1584 4284 1690 4370 nudi,
1714 4305 1862 4379 marga,
1890 4299 1952 4354 aut
1982 4283 2087 4379 spato

457 4433 591 4505 drusrco
617 4431 764 4502 obducti
792 4424 1013 4513 identidem
1034 4434 1286 4524 ejus'nempe·,
1313 4429 1413 4526 quod
1438 4450 1500 4500 cor
1520 4425 1636 4499 'bovis
1661 4451 1743 4499 curn
1774 4425 2085 4526 He'lminthologis

450 4577 551 4650 baud
572 4577 695 4666 injuria
714 4575 822 4645 dicas.
858 4573 1046 4649 Wulclrius
1065 4578 1101 4645 in
1118 4574 1231 4657 libro,
1256 4577 1311 4645 cui
1332 4573 1529 4646 Steinreich
1551 4574 1673 4644 titulus
1691 4573 1737 4643 eli
1749 4625 1761 4660 ,
1785 4571 1848 4643 sub
1871 4569 2086 4646 Bucarditae

454 4725 604 4796 nomine
625 4723 661 4791 in
683 4719 779 4790 Tab.
797 4721 882 4794 XV.
898 4718 978 4818 Fig.
1001 4720 1028 4791 l.
1050 4721 1133 4790 loco
1155 4684 1323 4792 dextimo
1345 4719 1425 4792 satis
1447 4717 1540 4790 bene
1559 4717 1803 4789 adumbravit.
1826 4715 1939 4789 Nates
1956 4719 2006 4790 illi
2025 4721 2085 4789 etlr
2133 4735 2137 4742 '

450 4870 543 4941 ultra
559 4865 742 4940 cardinem
761 4879 971 4962 procurrant
991 4867 1119 4947 altius,
1150 4867 1452 4939 umbonetamen
1476 4863 1554 4934 sunt
1578 4877 1676 4934 recto
1696 4859 2086 4957 obtufiusculorpotius,

333 5029 338 5038 ·
452 5024 757 5112 quam'curvato,
784 5027 847 5081 aut
871 5011 1130 5082 arietini-instar
1148 5023 1257 5082 cornu
1277 5012 1632 5108 spiraliterintortm
1649 5029 1749 5104 ‚quae
1769 5007 1844 5078 sola
1862 5007 2010 5078 demum
2036 5029 2090 5078 ra·

451 5163 505 5231 tio
528 5158 617 5243 fuit,
642 5157 741 5256 qnorl
763 5181 784 5230 a
802 5155 942 5228 bivalvi
960 5158 1024 5228 illo
1033 5210 1045 5245 ,
1065 5155 1127 5228 sub
1148 5179 1219 5254 qua
1241 5171 1413 5252 tanquam
1435 5149 1559 5228 lollills
1586 5157 1741 5226 varietas
1762 5153 1950 5238 militaret,
1973 5153 2088 5246 quod-

451 5329 525 5402 que
559 5299 754 5376 Lt'nnoertr
780 5297 922 5374 clama
952 5323 1020 5374 cor
1045 5304 1274 5433 (germanica
1305 5299 1468 5374 versione
1499 5297 1785 5394 Narrenlcappe)
1820 5295 2085 5392 compellatum

456 5451 596 5533 voluit,
623 5451 853 5522 removerim.
882 5447 985 5517 Anus
1009 5463 1045 5518 et
1069 5447 1334 5553 ipse-cordatus
1359 5447 1426 5532 eli,
1459 5441 1518 5517 led
1542 5443 1742 5542 oblongus,
1770 5440 1940 5514 lateribus
1963 5437 2086 5512 versus

1313 5573 1410 5606 Ἢ
1672 5587 1706 5660 Ε
