5209 6609
531 856 586 926 3⁰
1179 819 1571 866 —

532 1036 791 1137 elegantiffima
809 1063 855 1111 ea
879 1036 928 1110 ell
951 1043 1127 1124 varietas,
1155 1060 1266 1133 quam
1289 1027 1438 1133 egomet
1467 1037 1539 1132 ipse
1562 1039 1748 1134 possideo,
1777 1067 1809 1112 1.
1836 1063 1915 1111 uuc.
1942 1043 2079 1137 longa,
2101 1047 2165 1114 vix

532 1185 723 1256 dimidiam
740 1185 835 1270 lata,
855 1183 946 1254 duas
966 1185 1104 1253 circiter
1126 1184 1239 1253 lineas
1256 1183 1424 1276 parifinas
1446 1185 1539 1274 alta,
1554 1183 1630 1254 fere
1653 1200 1730 1255 tota
1749 1183 1907 1277 deprella
1927 1209 2009 1256 cum
2033 1189 2165 1286 exigua

529 1313 746 1399 obtuliffima
772 1319 1016 1398 ad'centrum
1048 1329 1293 1397 convexitate.
1332 1328 1372 1396 lu
1401 1325 1469 1398 hac
1497 1328 1657 1398 maxime
1677 1344 1815 1398 'notatu
1853 1331 2024 1426 dignum,
2063 1331 2163 1429 quod

440 1460 445 1469 ’
528 1473 708 1568 triangula
717 1471 883 1544 lateralia
893 1471 1108 1573 intermedia
1124 1469 1312 1540 ambarum
1330 1472 1560 1564 pyramidum
1577 1470 1676 1564 supra
1689 1472 1855 1567 infraque
1869 1475 1977 1567 triplo
1993 1475 2054 1545 vel
2074 1501 2162 1571 qua·

527 1617 660 1712 druplo
687 1621 826 1705 rirajora
850 1617 1052 1712 latioraquc
1081 1617 1171 1701 illis,
1196 1639 1291 1712 quar.
1316 1617 1482 1710 utrinque
1504 1615 1551 1686 ad
1576 1633 1657 1686 oras
1679 1613 1864 1686 crallitiem
1881 1617 2162 1695 altitudinemvc

528 1762 677 1857 crystalli
694 1759 870 1848 efficiant,
897 1777 933 1832 et
950 1761 1123 1857 angulum
1138 1757 1392 1829 obtufilliruum
1412 1759 1615 1845 includant,
1647 1783 1729 1830 cum
1756 1757 1825 1832 hae
1850 1761 2068 1860 angulliores
2089 1791 2162 1837 nou

529 1907 591 1978 nifi
611 1906 721 1977 valde
738 1909 850 1977 acutis
866 1884 1050 2004 gaudeam
1066 1905 1219 2034 augulis.

1214 2126 1219 2137 ⁶
1284 2208 1390 2316 vt.

526 2507 1091 2645 Plumbumsputtsstm
1109 2506 1604 2668 aqursttopazinum
1626 2491 1962 2641 lamellpfum,
1991 2505 2163 2672 lamel-

674 2693 742 2794 tis
755 2686 1515 2830 mirtuttbstmplicibuispasstn
1539 2689 1939 2832 oelaggregatis‚
1960 2687 2164 2826 quadri

675 2848 1586 3014 lateris,veloctogonis,pellucidis‘.'
1905 2847 1909 2854 ’
2153 2841 2159 2853 “

582 3213 632 3291 In
649 3207 777 3288 natet
793 3205 970 3314 esodirto
990 3207 1045 3286 Sc.
1059 3207 1273 3314 Sebastiuni
1291 3211 1343 3286 im
1362 3173 1516 3326 atauus
1537 3213 1763 3296 Senicun
1783 3181 1870 3286 'tum
1893 3211 2010 3286 otiam
2035 3213 2076 3286 in
2090 3209 2160 3316 su-

680 3359 825 3460 premis
827 3350 987 3457 fodinis
1006 3357 1177 3431 Sensus
1185 3359 1383 3442 urrunnun
1405 3354 1535 3436 dictis.

533 3588 719 3720 Demum
738 3659 836 3706 auno
856 3657 955 3731 1779
981 3659 1002 3708 e
1027 3635 1217 3706 cumulatis
1246 3633 1385 3728 plumbi
1415 3639 1520 3708 venis
1547 3639 1681 3708 montis
1710 3638 1797 3733 regii
1818 3635 1998 3706 Rabiensts
2023 3651 2164 3708 eurtum

531 3781 689 3876 denique
711 3779 782 3852 suit
805 3777 995 3872 plumbum
1020 3777 1198 3873 spatulum
1223 3803 1409 3876 uunquam
1436 3795 1542 3852 autea
1575 3778 1690 3876 uisum
1719 3779 1834 3866 illhic,
1863 3797 1927 3876 aut*
1947 3797 2040 3854 certe
2069 3781 2164 3854 nulla

528 3923 698 4000 habiturn
720 3923 768 3994 ad
793 3919 997 4018 hocusque
1023 3941 1168 4016 tempus
1197 3927 1399 3995 attentione
1422 3923 1584 4020 dignum.
1604 3924 1690 3996 Nou
1716 3929 1886 4018 paucis-a
1912 3923 2165 4022 Bleybergeuli

499 4051 660 4142 'babitu
682 4065 808 4140 saltem
831 4081 982 4154 externo
1009 4063 1126 4138 differt
1151 4071 1260 4140 notis.
1301 4066 1529 4164 l'ellucidum
1549 4073 1667 4164 primo
1688 4070 1755 4156 ell,
1779 4085 1840 4138 aut
1861 4040 2062 4140 coloratum
2087 4073 2164 4165 ple-

530 4235 708 4310 rumque,
731 4223 770 4282 ct
797 4213 921 4284 colore
945 4233 1013 4294 eo,
1039 4235 1114 4307 quo
1140 4207 1407 4307 Bleybergenle
1436 4213 1611 4298 tinctum,
1636 4213 1798 4284 nondum
1828 4211 2010 4304 vidimus,
2033 4213 2163 4288 scilicet

532 4360 725 4451 topacino,
742 4355 839 4428 adeo
859 4371 981 4427 tamen
1004 4356 1141 4440 diluto,
1163 4371 1297 4426 utnon
1319 4357 1378 4429 nist
1405 4353 1627 4454 aquolilllma
1648 4360 1797 4428 tinctum
1820 4355 2005 4461 llavedine
2025 4360 2161 4448 credas,

533 4502 645 4588 alias,
663 4498 858 4574 flavescens
882 4525 929 4573 ne
957 4501 1016 4589 tit,
1034 4523 1080 4570 an
1107 4501 1229 4592 potius
1256 4500 1489 4586 madescens,
1509 4499 1671 4590 dubites,
1691 4503 1767 4572 imo
1795 4506 1910 4574 emori
1940 4503 2163 4576 llavediuem

533 4647 631 4719 dicar
659 4669 834 4728 omnem,
859 4661 896 4718 et
925 4645 1112 4718 excoleres
1137 4645 1211 4714 fieri
1236 4644 1419 4732 lamellas,
1443 4645 1495 4714 uti
1521 4643 1774 4740 vulgosolent
1797 4648 1953 4742 Topazii
1978 4647 2162 4722 bohemici

533 4791 705 4890 quidam,
727 4815 820 4888 quor
838 4789 976 4884 spurios
1000 4789 1322 4860 inter⁰adamantes
1342 4806 1611 4861 connumerant.
1630 4789 1876 4885 Lamellarurn
1901 4809 2085 4888 praetcrea
2108 4810 2159 4866 te-

532 4933 699 5010 acritudo
722 4949 759 5007 et
779 4933 950 5009 subtilitas
972 4931 1132 5018 summa,
1155 4950 1193 5004 ut
1213 4957 1307 5028 quae
1328 4936 1390 5004 virt
1409 4937 1566 5023 majore,
1583 4959 1691 5029 quam
1714 4937 1831 5030 capilli
1853 4937 1914 5009 lint
1927 4933 2158 5025 crallitudine,

532 5095 571 5152 ct
589 5079 743 5174 politura
762 5075 1057 5178 laevigandum,
1082 5093 1118 5148 et
1137 5081 1251 5164 nitor,
1274 5079 1410 5150 micans
1430 5075 1575 5148 dicam?
1602 5103 1647 5175 an
1665 5076 1841 5172 [cintilans
1859 5085 2004 5173 potius,
2018 5082 2065 5160 ab
2083 5083 2159 5152 aliis

534 5223 672 5320 plumbi
693 5221 817 5318 spatoli
837 5223 924 5295 llari
944 5221 1178 5294 varietatibus
1198 5221 1367 5292 omuibus
1388 5218 1481 5292 hanc
1498 5220 1676 5292 diversam
1693 5221 1760 5294 elle
1775 5225 1945 5296 iudicant.
1975 5224 2160 5298 Lamellae

534 5369 650 5462 italae,
671 5383 750 5444 utut
770 5391 844 5442 uon
862 5365 995 5441 eadem
1018 5390 1148 5440 omncs
1170 5369 1334 5471 exilitate
1348 5364 1450 5454 sunt,
1469 5368 1621 5464 exiguae
1643 5385 1766 5444 tamen
1787 5367 1945 5464 semper,
1963 5369 2159 5465 implices,
