5209 6609
1014 855 1380 928 g

1012 1056 1357 1170 mrum.
1496 997 1508 1018 '

397 1361 683 1472 Plumbum
690 1360 968 1502 spatcsssm
975 1359 1226 1496 sessuram
1253 1343 1594 1487 ceraeflavae
1617 1343 1805 1467 colore,
1832 1347 2032 1490 crystal.

538 1533 775 1688 issam,
801 1531 1589 1682 crystallisstlenitico-decaidrit
1607 1531 1663 1636 in
1681 1534 2065 1659 cellulnsordi·x

545 1733 697 1836 nates.
746 1727 1090 1867 Tanmtg
1115 1749 1195 1849 24.
2159 1709 2196 1766 ’-

450 2055 518 2138 lla
531 2054 680 2164 fodina
698 2055 912 2164 Posclriana
929 2057 972 2131 in
990 2049 1250 2159 Frey-Wald,
1271 2070 1372 2154 quae
1389 2075 1411 2124 e
1419 2027 1692 2154 supremorum
1712 2007 2055 2157 plumbtgerarun
2102 2005 2106 2016 ⁸

548 2204 694 2278 montis
716 2197 1005 2307 Bleydergensts
1015 2194 1249 2322 [odiosarum
1267 2219 1428 2328 numero
1445 2191 1507 2302 est.

404 2403 740 2551 Crystalliplumbi
755 2449 882 2546 spatoli
895 2447 956 2522 bic
969 2450 1176 2547 propolim
1194 2445 1363 2523 obseura·
1377 2448 1497 2522 serino
1519 2446 1596 2524 sunt
1618 2447 1763 2536 colore,
1782 2453 1934 2547 paves,
1961 2449 2050 2526 e'ral'·

404 2599 593 2688 buleutae,
615 2598 679 2667 vix
703 2594 764 2667 vel
788 2592 1079 2692 subdiapbanae‚
1102 2597 1225 2702 potius
1250 2615 1410 2691 opacae,
1430 2592 1555 2666 laeves
1582 2608 1706 2666 tamen
1733 2611 1843 2691 atque
1870 2598 2047 2681 nitentes;

408 2767 560 2832 omnes,
577 2737 793 2838 paucissimis
812 2739 965 2828 demtis,
984 2737 1383 2812 selenitito-decae'dra
1402 2738 1554 2834 regulari
1577 2738 1742 2833 praedita
1760 2738 1895 2837 figura,
1922 2767 2050 2814 exam

407 2889 500 2987 gulis
521 2888 692 2961 nimirum
716 2883 937 2981 compolitae
955 2883 1171 2968 duodecim,
1186 2883 1383 2982 planisque·
1402 2883 1538 2962 decem·
1558 2883 2050 2980 quadratianus-rhombo.

406 3036 455 3106 eis
480 3031 574 3106 binis
601 3031 770 3104 maximis
794 3028 967 3126 oppoiitis
986 3027 1127 3102 summo
1155 3044 1193 3103 et
1213 3027 1364 3118 infimo,
1380 3026 2050 3130 trapeziisqueinbparallelogrammis

404 3176 612 3252 lateralibus
635 3173 789 3274 angustis
809 3170 1022 3248 erassitudini
1045 3174 1108 3249 vel
1131 3173 1312 3259 altitudini
1329 3174 1571 3272 crytauomm
1594 3175 1805 3274 aequalibus
1830 3177 1932 3250 tans
1950 3195 2049 3266 octo,

412 3323 573 3418 undique
604 3343 672 3418 per
689 3319 1012 3396 circumferentiam
1037 3323 1075 3392 in
1105 3323 1221 3394 aciem
1252 3323 1448 3398 eminatam
1474 3318 1749 3394 confluentibus.
1774 3321 1908 3396 ‚Situm
1928 3347 2052 3397 eamm

413 3467 514 3568 quod
537 3469 687 3577 attinet,
708 3463 894 3540 celluloius
918 3465 1016 3541 isell
1039 3485 1085 3538 ex
1106 3462 1382 3545 intermistione
1407 3481 1533 3540 mutua
1555 3429 1764 3540 earundem.
1785 3465 1931 3540 Narelia
1959 3489 2050 3540 vero

410 3614 480 3704 eil,
499 3611 598 3686 baud
615 3627 778 3685 remotae
793 3634 817 3682 a
834 3608 870 3684 le
885 3611 1045 3684 invicem
1063 3610 1237 3709 nullaque
1260 3612 1341 3708 lege
1366 3625 1404 3684 et
1422 3611 1548 3684 ordine
1574 3609 1641 3686 siris
1660 3617 1826 3711 quaeque
1848 3611 1936 3684 lo'cir
1954 3609 2050 3708 spar-
2187 3695 2191 3704 ¹

410 3756 468 3834 sae
486 3754 620 3830 fuerint
641 3740 757 3831 terrae
782 3755 1011 3854 plumbariae
1034 3743 1203 3829 maiiulae
1229 3755 1384 3844 fluidae,
1408 3769 1449 3829 ut
1470 3759 1507 3828 in
1532 3757 1825 3854 crystallisationis
1844 3757 1986 3830 instanti
2012 3759 2051 3832 in

415 3920 493 3977 tam
510 3902 692 3976 ordinatas
710 3900 866 3974 ordinari
882 3903 1067 3998 potuerint
1081 3903 1442 3987 eoneamerationes,
1460 3925 1612 4000 quamm
1632 3901 1859 4000 amplitudo,
1875 3903 1978 3985 litus,
1997 3902 2050 3972 di·

417 4052 527 4172 rectio
543 4047 638 4119 adeo
663 4050 756 4119 inter
773 4044 807 4117 le
827 4043 1005 4118 diffemnt.
1035 4044 1195 4117 Matricis
1212 4047 1296 4118 loco
1316 4045 1385 4118 illis
1403 4045 1450 4120 eli
1470 4049 1595 4144 argilla
1613 4047 1785 4120 martialis
1803 4049 2049 4121 lateritiosru·

265 4199 278 4210 ‘
418 4191 480 4264 bra
496 4195 533 4265 in
549 4213 714 4289 margam
729 4191 1053 4266 flavo-rubentem
1068 4191 1226 4289 denique
1243 4189 1389 4281 abiens,
1407 4191 1596 4294 poliqusm
1616 4209 1766 4291 perpete
1788 4216 1963 4292 aquarum
1981 4191 2050 4263 stit.

417 4339 539 4411 lieidio
564 4340 683 4426 major
710 4338 949 4410 calcareamm
976 4339 1229 4434 particulamm
1252 4341 1359 4433 copia
1377 4339 1555 4430 advecta,
1584 4339 1708 4438 illique
1733 4341 1860 4414 intime
1892 4337 1963 4412 hoc
1987 4337 2050 4412 vel
2159 4420 2163 4428 ,

417 4485 481 4558 illo
497 4488 533 4556 in
553 4486 659 4572 loco,
680 4483 741 4554 ubi
758 4507 852 4582 aqua
877 4483 963 4557 forti
982 4481 1181 4560 effervescit
1190 4536 1202 4572 ,
1219 4486 1333 4557 mixta
1349 4485 1429 4558 fuit.
