<?xml version="1.0" encoding="UTF-8"?>
<!DOCTYPE html PUBLIC "-//W3C//DTD XHTML 1.0 Transitional//EN"
    "http://www.w3.org/TR/xhtml1/DTD/xhtml1-transitional.dtd">
<html xmlns="http://www.w3.org/1999/xhtml" xml:lang="en" lang="en">
 <head>
  <title>
</title>
<meta http-equiv="Content-Type" content="text/html;charset=utf-8" />
  <meta name='ocr-system' content='tesseract 3.04.00' />
  <meta name='ocr-capabilities' content='ocr_page ocr_carea ocr_par ocr_line ocrx_word'/>
</head>
<body>
  <div class='ocr_page' id='page_1' title='image "./xaveriiwulfende00eyergoog_0100.png"; bbox 0 0 5209 6609; ppageno 0'>
   <div class='ocr_carea' id='block_1_1' title="bbox 514 789 585 848">
    <p class='ocr_par' dir='ltr' id='par_1_1' title="bbox 514 767 1597 848">
     <span class='ocr_line' id='line_1_1' title="bbox 514 789 585 848; baseline -0.007 -2"><span class='ocrx_word' id='word_1_1' title='bbox 514 789 585 848; x_wconf 71' lang='lat' dir='ltr'>roa</span> 
     </span>
    </p>
   </div>
   <div class='ocr_carea' id='block_1_2' title="bbox 422 993 2139 1110">
    <p class='ocr_par' dir='ltr' id='par_1_2' title="bbox 422 993 2139 1110">
     <span class='ocr_line' id='line_1_2' title="bbox 422 993 2139 1110; baseline 0.005 -39"><span class='ocrx_word' id='word_1_2' title='bbox 422 1094 428 1110; x_wconf 28' lang='lat'><strong><em>⁹</em></strong></span> <span class='ocrx_word' id='word_1_3' title='bbox 509 1000 648 1072; x_wconf 79' lang='lat' dir='ltr'>mixtae</span> <span class='ocrx_word' id='word_1_4' title='bbox 663 993 926 1092; x_wconf 78' lang='lat' dir='ltr'>suut,&#39;quarum</span> <span class='ocrx_word' id='word_1_5' title='bbox 941 1011 1063 1074; x_wconf 85' lang='lat' dir='ltr'>tamen</span> <span class='ocrx_word' id='word_1_6' title='bbox 1079 1007 1239 1101; x_wconf 80' lang='lat' dir='ltr'>pyramis</span> <span class='ocrx_word' id='word_1_7' title='bbox 1255 1004 1419 1092; x_wconf 78' lang='lat' dir='ltr'>inferior,</span> <span class='ocrx_word' id='word_1_8' title='bbox 1441 1011 1542 1099; x_wconf 76' lang='lat' dir='ltr'>patto</span> <span class='ocrx_word' id='word_1_9' title='bbox 1554 998 1613 1073; x_wconf 87' lang='lat' dir='ltr'>¹lul</span> <span class='ocrx_word' id='word_1_10' title='bbox 1632 1001 1755 1099; x_wconf 87' lang='lat' dir='ltr'>aliqua</span> <span class='ocrx_word' id='word_1_11' title='bbox 1771 999 1895 1087; x_wconf 72' lang='lat' dir='ltr'>(idest</span> <span class='ocrx_word' id='word_1_12' title='bbox 1917 1009 2061 1082; x_wconf 80' lang='lat' dir='ltr'>verticis</span> <span class='ocrx_word' id='word_1_13' title='bbox 2080 1009 2139 1079; x_wconf 45' lang='lat' dir='ltr'>iri-1</span> 
     </span>
    </p>
   </div>
   <div class='ocr_carea' id='block_1_3' title="bbox 449 1126 2274 2526">
    <p class='ocr_par' dir='ltr' id='par_1_3' title="bbox 508 1126 2142 1674">
     <span class='ocr_line' id='line_1_3' title="bbox 509 1126 2141 1250; baseline 0.005 -30"><span class='ocrx_word' id='word_1_14' title='bbox 509 1147 650 1220; x_wconf 74' lang='lat' dir='ltr'>ferioris</span> <span class='ocrx_word' id='word_1_15' title='bbox 663 1126 790 1242; x_wconf 80' lang='lat' dir='ltr'>parte)</span> <span class='ocrx_word' id='word_1_16' title='bbox 816 1145 992 1242; x_wconf 88' lang='lat' dir='ltr'>reliquam</span> <span class='ocrx_word' id='word_1_17' title='bbox 1019 1152 1112 1223; x_wconf 89' lang='lat' dir='ltr'>intra</span> <span class='ocrx_word' id='word_1_18' title='bbox 1137 1152 1306 1250; x_wconf 87' lang='lat' dir='ltr'>galenam</span> <span class='ocrx_word' id='word_1_19' title='bbox 1323 1131 1490 1246; x_wconf 82' lang='lat' dir='ltr'>absorpta</span> <span class='ocrx_word' id='word_1_20' title='bbox 1505 1135 1787 1248; x_wconf 77' lang='lat' dir='ltr'>consepultaque</span> <span class='ocrx_word' id='word_1_21' title='bbox 1806 1137 1867 1222; x_wconf 75' lang='lat' dir='ltr'>eli.</span> <span class='ocrx_word' id='word_1_22' title='bbox 1892 1134 1980 1226; x_wconf 78' lang='lat' dir='ltr'>Dixi</span> <span class='ocrx_word' id='word_1_23' title='bbox 1997 1145 2141 1250; x_wconf 75' lang='lat' dir='ltr'>superii·</span> 
     </span>
     <span class='ocr_line' id='line_1_4' title="bbox 509 1267 2142 1380; baseline 0.002 -20"><span class='ocrx_word' id='word_1_24' title='bbox 509 1289 603 1361; x_wconf 87' lang='lat' dir='ltr'>ciem</span> <span class='ocrx_word' id='word_1_25' title='bbox 618 1281 746 1356; x_wconf 84' lang='lat' dir='ltr'>harum</span> <span class='ocrx_word' id='word_1_26' title='bbox 764 1267 995 1380; x_wconf 73' lang='lat' dir='ltr'>pyramidum</span> <span class='ocrx_word' id='word_1_27' title='bbox 1011 1289 1142 1362; x_wconf 86' lang='lat' dir='ltr'>leviter</span> <span class='ocrx_word' id='word_1_28' title='bbox 1159 1289 1312 1364; x_wconf 90' lang='lat' dir='ltr'>oblitam</span> <span class='ocrx_word' id='word_1_29' title='bbox 1339 1287 1449 1362; x_wconf 88' lang='lat' dir='ltr'>ochra</span> <span class='ocrx_word' id='word_1_30' title='bbox 1468 1281 1573 1360; x_wconf 72' lang='lat' dir='ltr'>illici·</span> <span class='ocrx_word' id='word_1_31' title='bbox 1587 1283 1747 1363; x_wconf 87' lang='lat' dir='ltr'>obsolete</span> <span class='ocrx_word' id='word_1_32' title='bbox 1766 1285 2045 1378; x_wconf 65' lang='lat' dir='ltr'>barido-&#39;albae</span> <span class='ocrx_word' id='word_1_33' title='bbox 2062 1289 2142 1364; x_wconf 79' lang='lat' dir='ltr'>saut</span> 
     </span>
     <span class='ocr_line' id='line_1_5' title="bbox 508 1403 2140 1532; baseline 0.002 -24"><span class='ocrx_word' id='word_1_34' title='bbox 508 1443 634 1509; x_wconf 87' lang='lat' dir='ltr'>tamen</span> <span class='ocrx_word' id='word_1_35' title='bbox 661 1448 698 1504; x_wconf 92' lang='lat' dir='ltr'>et</span> <span class='ocrx_word' id='word_1_36' title='bbox 716 1434 809 1505; x_wconf 89' lang='lat' dir='ltr'>inter</span> <span class='ocrx_word' id='word_1_37' title='bbox 827 1410 968 1531; x_wconf 79' lang='lat' dir='ltr'>trigona</span> <span class='ocrx_word' id='word_1_38' title='bbox 990 1459 1115 1509; x_wconf 91' lang='lat' dir='ltr'>earum</span> <span class='ocrx_word' id='word_1_39' title='bbox 1132 1439 1247 1510; x_wconf 90' lang='lat' dir='ltr'>latera</span> <span class='ocrx_word' id='word_1_40' title='bbox 1270 1435 1395 1508; x_wconf 88' lang='lat' dir='ltr'>saltem</span> <span class='ocrx_word' id='word_1_41' title='bbox 1413 1434 1554 1530; x_wconf 85' lang='lat' dir='ltr'>aliqua,</span> <span class='ocrx_word' id='word_1_42' title='bbox 1578 1433 1616 1503; x_wconf 91' lang='lat' dir='ltr'>iu</span> <span class='ocrx_word' id='word_1_43' title='bbox 1631 1427 1881 1529; x_wconf 74' lang='lat' dir='ltr'>quibuatrillia</span> <span class='ocrx_word' id='word_1_44' title='bbox 1899 1403 2140 1532; x_wconf 77' lang='lat' dir='ltr'>crystallorum</span> 
     </span>
     <span class='ocr_line' id='line_1_6' title="bbox 508 1551 2137 1674; baseline 0.002 -28"><span class='ocrx_word' id='word_1_45' title='bbox 508 1574 698 1673; x_wconf 86' lang='lat' dir='ltr'>quondam</span> <span class='ocrx_word' id='word_1_46' title='bbox 713 1558 1002 1669; x_wconf 81' lang='lat' dir='ltr'>pseudogalenae</span> <span class='ocrx_word' id='word_1_47' title='bbox 1019 1574 1164 1648; x_wconf 83' lang='lat' dir='ltr'>cubicae</span> <span class='ocrx_word' id='word_1_48' title='bbox 1180 1576 1401 1672; x_wconf 84' lang='lat' dir='ltr'>granatinae,</span> <span class='ocrx_word' id='word_1_49' title='bbox 1418 1596 1467 1644; x_wconf 85' lang='lat' dir='ltr'>ex</span> <span class='ocrx_word' id='word_1_50' title='bbox 1482 1573 1623 1668; x_wconf 78' lang='lat' dir='ltr'>integro</span> <span class='ocrx_word' id='word_1_51' title='bbox 1635 1551 1935 1660; x_wconf 76' lang='lat' dir='ltr'>jam&#39;tatiscenrts,</span> <span class='ocrx_word' id='word_1_52' title='bbox 1953 1576 2137 1674; x_wconf 75' lang='lat' dir='ltr'>legatave·</span> 
     </span>
    </p>

    <p class='ocr_par' dir='ltr' id='par_1_4' title="bbox 449 1709 2274 2526">
     <span class='ocr_line' id='line_1_7' title="bbox 482 1709 2274 1825; baseline 0.002 -30"><span class='ocrx_word' id='word_1_53' title='bbox 482 1818 485 1825; x_wconf 25' lang='lat'>¹</span> <span class='ocrx_word' id='word_1_54' title='bbox 508 1723 618 1822; x_wconf 86' lang='lat' dir='ltr'>lligia.</span> <span class='ocrx_word' id='word_1_55' title='bbox 653 1709 792 1794; x_wconf 88' lang='lat' dir='ltr'>Verum</span> <span class='ocrx_word' id='word_1_56' title='bbox 809 1743 881 1792; x_wconf 86' lang='lat' dir='ltr'>non</span> <span class='ocrx_word' id='word_1_57' title='bbox 900 1721 945 1791; x_wconf 93' lang='lat' dir='ltr'>de</span> <span class='ocrx_word' id='word_1_58' title='bbox 961 1718 1034 1809; x_wconf 82' lang='lat' dir='ltr'>hir,</span> <span class='ocrx_word' id='word_1_59' title='bbox 1053 1718 1114 1792; x_wconf 87' lang='lat' dir='ltr'>sed</span> <span class='ocrx_word' id='word_1_60' title='bbox 1131 1719 1177 1792; x_wconf 89' lang='lat' dir='ltr'>de</span> <span class='ocrx_word' id='word_1_61' title='bbox 1194 1722 1256 1792; x_wconf 90' lang='lat' dir='ltr'>illa</span> <span class='ocrx_word' id='word_1_62' title='bbox 1273 1717 1491 1816; x_wconf 90' lang='lat' dir='ltr'>potillimum</span> <span class='ocrx_word' id='word_1_63' title='bbox 1507 1716 1648 1814; x_wconf 82' lang='lat' dir='ltr'><strong>plumbi</strong></span> <span class='ocrx_word' id='word_1_64' title='bbox 1664 1715 1791 1815; x_wconf 88' lang='lat' dir='ltr'>spatoli</span> <span class='ocrx_word' id='word_1_65' title='bbox 1809 1720 2051 1816; x_wconf 76' lang='lat' dir='ltr'>crystallorum</span> <span class='ocrx_word' id='word_1_66' title='bbox 2069 1749 2137 1797; x_wconf 86' lang='lat' dir='ltr'>va·</span> <span class='ocrx_word' id='word_1_67' title='bbox 2271 1723 2274 1730; x_wconf 76' lang='grc'><strong>’</strong></span> 
     </span>
     <span class='ocr_line' id='line_1_8' title="bbox 449 1831 2136 1972; baseline 0.001 -40"><span class='ocrx_word' id='word_1_68' title='bbox 449 1924 454 1932; x_wconf 93' lang='grc'>.</span> <span class='ocrx_word' id='word_1_69' title='bbox 508 1865 636 1934; x_wconf 89' lang='lat' dir='ltr'>rietate</span> <span class='ocrx_word' id='word_1_70' title='bbox 655 1859 858 1956; x_wconf 81' lang='lat' dir='ltr'>particulari</span> <span class='ocrx_word' id='word_1_71' title='bbox 871 1859 971 1955; x_wconf 91' lang='lat' dir='ltr'>loqui</span> <span class='ocrx_word' id='word_1_72' title='bbox 987 1883 1080 1932; x_wconf 89' lang='lat' dir='ltr'>nunc</span> <span class='ocrx_word' id='word_1_73' title='bbox 1098 1859 1197 1956; x_wconf 92' lang='lat' dir='ltr'>apud</span> <span class='ocrx_word' id='word_1_74' title='bbox 1217 1882 1278 1931; x_wconf 90' lang='lat' dir='ltr'>me</span> <span class='ocrx_word' id='word_1_75' title='bbox 1294 1857 1455 1931; x_wconf 90' lang='lat' dir='ltr'>conllitui</span> <span class='ocrx_word' id='word_1_76' title='bbox 1465 1908 1478 1945; x_wconf 95' lang='lat'>,</span> <span class='ocrx_word' id='word_1_77' title='bbox 1496 1831 1607 1954; x_wconf 84' lang='lat' dir='ltr'>quarn</span> <span class='ocrx_word' id='word_1_78' title='bbox 1625 1855 1917 1953; x_wconf 88' lang='lat' dir='ltr'>subpellucidam,</span> <span class='ocrx_word' id='word_1_79' title='bbox 1934 1858 2136 1972; x_wconf 69' lang='lat' dir='ltr'>crystallisa3</span> 
     </span>
     <span class='ocr_line' id='line_1_9' title="bbox 508 1997 2138 2103; baseline 0.003 -26"><span class='ocrx_word' id='word_1_80' title='bbox 508 2022 585 2078; x_wconf 88' lang='lat' dir='ltr'>tam</span> <span class='ocrx_word' id='word_1_81' title='bbox 606 2007 702 2077; x_wconf 91' lang='lat' dir='ltr'>tenui</span> <span class='ocrx_word' id='word_1_82' title='bbox 722 2005 873 2102; x_wconf 77' lang='lat' dir='ltr'>galeriae</span> <span class='ocrx_word' id='word_1_83' title='bbox 888 2001 1003 2078; x_wconf 84' lang='lat' dir='ltr'>halitu</span> <span class='ocrx_word' id='word_1_84' title='bbox 1020 2004 1188 2079; x_wconf 86' lang='lat' dir='ltr'>affectum</span> <span class='ocrx_word' id='word_1_85' title='bbox 1204 2005 1379 2102; x_wconf 85' lang='lat' dir='ltr'>simulque</span> <span class='ocrx_word' id='word_1_86' title='bbox 1394 2003 1530 2074; x_wconf 87' lang='lat' dir='ltr'>metalli</span> <span class='ocrx_word' id='word_1_87' title='bbox 1549 2005 1709 2077; x_wconf 90' lang='lat' dir='ltr'>colorem</span> <span class='ocrx_word' id='word_1_88' title='bbox 1726 2021 1764 2078; x_wconf 93' lang='lat' dir='ltr'>et</span> <span class='ocrx_word' id='word_1_89' title='bbox 1784 2005 1892 2078; x_wconf 82' lang='lat' dir='ltr'>valde</span> <span class='ocrx_word' id='word_1_90' title='bbox 1908 1997 2138 2103; x_wconf 78' lang='lat' dir='ltr'>resplenden-</span> 
     </span>
     <span class='ocr_line' id='line_1_10' title="bbox 507 2129 2136 2241; baseline 0.002 -25"><span class='ocrx_word' id='word_1_91' title='bbox 507 2159 584 2217; x_wconf 92' lang='lat' dir='ltr'>tem</span> <span class='ocrx_word' id='word_1_92' title='bbox 601 2129 686 2215; x_wconf 87' lang='lat' dir='ltr'>dixi.</span> <span class='ocrx_word' id='word_1_93' title='bbox 716 2141 765 2214; x_wconf 83' lang='lat' dir='ltr'>Et</span> <span class='ocrx_word' id='word_1_94' title='bbox 790 2141 872 2216; x_wconf 91' lang='lat' dir='ltr'>sane</span> <span class='ocrx_word' id='word_1_95' title='bbox 898 2144 987 2216; x_wconf 87' lang='lat' dir='ltr'>tales</span> <span class='ocrx_word' id='word_1_96' title='bbox 1009 2146 1117 2241; x_wconf 87' lang='lat' dir='ltr'>plane</span> <span class='ocrx_word' id='word_1_97' title='bbox 1139 2143 1218 2217; x_wconf 90' lang='lat' dir='ltr'>sunt</span> <span class='ocrx_word' id='word_1_98' title='bbox 1240 2141 1407 2238; x_wconf 76' lang='lat' dir='ltr'>crystalli,</span> <span class='ocrx_word' id='word_1_99' title='bbox 1426 2140 1656 2240; x_wconf 78' lang='lat' dir='ltr'>quibuslicet</span> <span class='ocrx_word' id='word_1_100' title='bbox 1674 2146 1816 2239; x_wconf 86' lang='lat' dir='ltr'>parcius</span> <span class='ocrx_word' id='word_1_101' title='bbox 1842 2142 1994 2218; x_wconf 86' lang='lat' dir='ltr'>oblitam</span> <span class='ocrx_word' id='word_1_102' title='bbox 2020 2151 2136 2220; x_wconf 81' lang='lat' dir='ltr'>cernis</span> 
     </span>
     <span class='ocr_line' id='line_1_11' title="bbox 506 2285 2138 2390; baseline 0.002 -26"><span class='ocrx_word' id='word_1_103' title='bbox 506 2291 772 2390; x_wconf 78' lang='lat' dir='ltr'>pyramidalem</span> <span class='ocrx_word' id='word_1_104' title='bbox 788 2291 966 2389; x_wconf 84' lang='lat' dir='ltr'>galenam.</span> <span class='ocrx_word' id='word_1_105' title='bbox 991 2291 1140 2364; x_wconf 88' lang='lat' dir='ltr'>Vitreae</span> <span class='ocrx_word' id='word_1_106' title='bbox 1154 2313 1290 2388; x_wconf 82' lang='lat' dir='ltr'>nempe</span> <span class='ocrx_word' id='word_1_107' title='bbox 1306 2287 1435 2363; x_wconf 86' lang='lat' dir='ltr'>suntet</span> <span class='ocrx_word' id='word_1_108' title='bbox 1449 2285 1635 2382; x_wconf 82' lang='lat' dir='ltr'>hyalinac,</span> <span class='ocrx_word' id='word_1_109' title='bbox 1651 2304 1775 2365; x_wconf 84' lang='lat' dir='ltr'>tamen</span> <span class='ocrx_word' id='word_1_110' title='bbox 1797 2291 1965 2367; x_wconf 84' lang='lat' dir='ltr'>insumatl</span> <span class='ocrx_word' id='word_1_111' title='bbox 1989 2292 2138 2378; x_wconf 80' lang='lat' dir='ltr'>(seusu-</span> 
     </span>
     <span class='ocr_line' id='line_1_12' title="bbox 507 2394 2139 2526; baseline 0.002 -24"><span class='ocrx_word' id='word_1_112' title='bbox 507 2455 576 2502; x_wconf 88' lang='lat' dir='ltr'>mo</span> <span class='ocrx_word' id='word_1_113' title='bbox 593 2428 798 2502; x_wconf 85' lang='lat' dir='ltr'>dilutillime</span> <span class='ocrx_word' id='word_1_114' title='bbox 816 2432 940 2520; x_wconf 88' lang='lat' dir='ltr'>tincti)</span> <span class='ocrx_word' id='word_1_115' title='bbox 968 2431 1051 2502; x_wconf 90' lang='lat' dir='ltr'>vitri</span> <span class='ocrx_word' id='word_1_116' title='bbox 1076 2427 1181 2500; x_wconf 86' lang='lat' dir='ltr'>inllar</span> <span class='ocrx_word' id='word_1_117' title='bbox 1204 2404 1489 2526; x_wconf 69' lang='lat' dir='ltr'>transparenter;</span> <span class='ocrx_word' id='word_1_118' title='bbox 1514 2450 1585 2522; x_wconf 93' lang='lat' dir='ltr'>qua</span> <span class='ocrx_word' id='word_1_119' title='bbox 1605 2442 1756 2523; x_wconf 90' lang='lat' dir='ltr'>propter</span> <span class='ocrx_word' id='word_1_120' title='bbox 1779 2394 1844 2502; x_wconf 71' lang='lat' dir='ltr'>aec</span> <span class='ocrx_word' id='word_1_121' title='bbox 1868 2430 2066 2526; x_wconf 78' lang='lat' dir='ltr'>pellucidae</span> <span class='ocrx_word' id='word_1_122' title='bbox 2093 2459 2139 2506; x_wconf 84' lang='lat' dir='ltr'>ex</span> 
     </span>
    </p>
   </div>
   <div class='ocr_carea' id='block_1_4' title="bbox 506 2541 2140 2814">
    <p class='ocr_par' dir='ltr' id='par_1_5' title="bbox 506 2541 2140 2814">
     <span class='ocr_line' id='line_1_13' title="bbox 506 2541 2139 2690; baseline 0.004 -43"><span class='ocrx_word' id='word_1_123' title='bbox 506 2551 665 2675; x_wconf 77' lang='lat' dir='ltr'>integro,</span> <span class='ocrx_word' id='word_1_124' title='bbox 684 2600 803 2673; x_wconf 88' lang='lat' dir='ltr'>neque</span> <span class='ocrx_word' id='word_1_125' title='bbox 818 2541 1114 2671; x_wconf 73' lang='lat' dir='ltr'>semipellucidaa,</span> <span class='ocrx_word' id='word_1_126' title='bbox 1131 2573 1192 2647; x_wconf 89' lang='lat' dir='ltr'>sed</span> <span class='ocrx_word' id='word_1_127' title='bbox 1210 2572 1463 2690; x_wconf 83' lang='lat' dir='ltr'>obscuriuscule</span> <span class='ocrx_word' id='word_1_128' title='bbox 1473 2572 1672 2669; x_wconf 78' lang='lat' dir='ltr'>pellucidae</span> <span class='ocrx_word' id='word_1_129' title='bbox 1688 2573 1748 2647; x_wconf 88' lang='lat' dir='ltr'>scu</span> <span class='ocrx_word' id='word_1_130' title='bbox 1764 2573 2024 2673; x_wconf 86' lang='lat' dir='ltr'>subpellucidas</span> <span class='ocrx_word' id='word_1_131' title='bbox 2036 2583 2139 2677; x_wconf 82' lang='lat' dir='ltr'>prae-</span> 
     </span>
     <span class='ocr_line' id='line_1_14' title="bbox 509 2708 2140 2814; baseline -0.004 -28"><span class='ocrx_word' id='word_1_132' title='bbox 509 2708 575 2786; x_wconf 85' lang='lat' dir='ltr'>cise</span> <span class='ocrx_word' id='word_1_133' title='bbox 600 2715 836 2810; x_wconf 80' lang='lat' dir='ltr'>appellandas</span> <span class='ocrx_word' id='word_1_134' title='bbox 863 2711 998 2802; x_wconf 86' lang='lat' dir='ltr'>censui,</span> <span class='ocrx_word' id='word_1_135' title='bbox 1016 2717 1101 2810; x_wconf 89' lang='lat' dir='ltr'>quia</span> <span class='ocrx_word' id='word_1_136' title='bbox 1117 2712 1207 2785; x_wconf 87' lang='lat' dir='ltr'>tales</span> <span class='ocrx_word' id='word_1_137' title='bbox 1225 2713 1259 2784; x_wconf 83' lang='lat' dir='ltr'>se</span> <span class='ocrx_word' id='word_1_138' title='bbox 1278 2714 1429 2785; x_wconf 90' lang='lat' dir='ltr'>omniuo</span> <span class='ocrx_word' id='word_1_139' title='bbox 1453 2708 1646 2799; x_wconf 83' lang='lat' dir='ltr'>exhibent,</span> <span class='ocrx_word' id='word_1_140' title='bbox 1664 2715 1807 2808; x_wconf 87' lang='lat' dir='ltr'>quoties</span> <span class='ocrx_word' id='word_1_141' title='bbox 1826 2715 1898 2788; x_wconf 81' lang='lat' dir='ltr'>live</span> <span class='ocrx_word' id='word_1_142' title='bbox 1913 2717 1991 2814; x_wconf 81' lang='lat' dir='ltr'>ipsa</span> <span class='ocrx_word' id='word_1_143' title='bbox 2008 2721 2045 2790; x_wconf 86' lang='lat' dir='ltr'>in</span> <span class='ocrx_word' id='word_1_144' title='bbox 2063 2743 2140 2791; x_wconf 91' lang='lat' dir='ltr'>ma.</span> 
     </span>
    </p>
   </div>
   <div class='ocr_carea' id='block_1_5' title="bbox 507 2837 2192 3096">
    <p class='ocr_par' dir='ltr' id='par_1_6' title="bbox 507 2837 2192 3096">
     <span class='ocr_line' id='line_1_15' title="bbox 507 2837 2141 2960; baseline -0.002 -28"><span class='ocrx_word' id='word_1_145' title='bbox 507 2858 617 2949; x_wconf 82' lang='lat' dir='ltr'>trite,</span> <span class='ocrx_word' id='word_1_146' title='bbox 634 2859 707 2936; x_wconf 77' lang='lat' dir='ltr'>five</span> <span class='ocrx_word' id='word_1_147' title='bbox 724 2837 810 2932; x_wconf 77' lang='lat' dir='ltr'>inde</span> <span class='ocrx_word' id='word_1_148' title='bbox 828 2855 968 2932; x_wconf 74' lang='lat' dir='ltr'>avulsae</span> <span class='ocrx_word' id='word_1_149' title='bbox 986 2871 1112 2930; x_wconf 82' lang='lat' dir='ltr'>contra</span> <span class='ocrx_word' id='word_1_150' title='bbox 1126 2859 1245 2930; x_wconf 87' lang='lat' dir='ltr'>lucem</span> <span class='ocrx_word' id='word_1_151' title='bbox 1262 2855 1451 2951; x_wconf 80' lang='lat' dir='ltr'>aspexeris.</span> <span class='ocrx_word' id='word_1_152' title='bbox 1478 2853 1591 2946; x_wconf 86' lang='lat' dir='ltr'>Quod</span> <span class='ocrx_word' id='word_1_153' title='bbox 1603 2847 1756 2933; x_wconf 82' lang='lat' dir='ltr'>¹rrrirtttua</span> <span class='ocrx_word' id='word_1_154' title='bbox 1770 2862 1807 2930; x_wconf 93' lang='lat' dir='ltr'>iu</span> <span class='ocrx_word' id='word_1_155' title='bbox 1826 2861 1900 2932; x_wconf 83' lang='lat' dir='ltr'>illir&#39;</span> <span class='ocrx_word' id='word_1_156' title='bbox 1913 2861 2054 2960; x_wconf 80' lang='lat' dir='ltr'>semper</span> <span class='ocrx_word' id='word_1_157' title='bbox 2065 2863 2141 2936; x_wconf 84' lang='lat' dir='ltr'>sum</span> 
     </span>
     <span class='ocr_line' id='line_1_16' title="bbox 507 2975 2192 3096; baseline -0.002 -20"><span class='ocrx_word' id='word_1_158' title='bbox 507 3005 690 3088; x_wconf 82' lang='lat' dir='ltr'>maxime,</span> <span class='ocrx_word' id='word_1_159' title='bbox 709 2999 895 3096; x_wconf 85' lang='lat' dir='ltr'>splendor,</span> <span class='ocrx_word' id='word_1_160' title='bbox 920 3020 995 3071; x_wconf 87' lang='lat' dir='ltr'>non</span> <span class='ocrx_word' id='word_1_161' title='bbox 1012 2998 1116 3084; x_wconf 89' lang='lat' dir='ltr'>vitri,</span> <span class='ocrx_word' id='word_1_162' title='bbox 1140 2994 1200 3067; x_wconf 89' lang='lat' dir='ltr'>sed</span> <span class='ocrx_word' id='word_1_163' title='bbox 1216 2993 1354 3065; x_wconf 89' lang='lat' dir='ltr'>metalli</span> <span class='ocrx_word' id='word_1_164' title='bbox 1371 2994 1521 3066; x_wconf 87' lang='lat' dir='ltr'>omnino</span> <span class='ocrx_word' id='word_1_165' title='bbox 1547 2991 1795 3068; x_wconf 82' lang='lat' dir='ltr'>nitentillimus</span> <span class='ocrx_word' id='word_1_166' title='bbox 1820 2997 1886 3089; x_wconf 86' lang='lat' dir='ltr'>eli,</span> <span class='ocrx_word' id='word_1_167' title='bbox 1912 2975 2028 3096; x_wconf 67' lang='lat' dir='ltr'>usdue</span> <span class='ocrx_word' id='word_1_168' title='bbox 2054 2989 2141 3076; x_wconf 90' lang='lat' dir='ltr'>dum</span> <span class='ocrx_word' id='word_1_169' title='bbox 2189 3036 2192 3045; x_wconf 91' lang='lat'>·</span> 
     </span>
    </p>
   </div>
   <div class='ocr_carea' id='block_1_6' title="bbox 507 3133 2141 3379">
    <p class='ocr_par' dir='ltr' id='par_1_7' title="bbox 507 3133 2141 3379">
     <span class='ocr_line' id='line_1_17' title="bbox 507 3133 2141 3242; baseline -0.001 -19"><span class='ocrx_word' id='word_1_170' title='bbox 507 3133 669 3223; x_wconf 78' lang='lat' dir='ltr'>fatiscere</span> <span class='ocrx_word' id='word_1_171' title='bbox 693 3147 890 3242; x_wconf 89' lang='lat' dir='ltr'>incipiunt,</span> <span class='ocrx_word' id='word_1_172' title='bbox 915 3143 1094 3224; x_wconf 80' lang='lat' dir='ltr'>durabilis.</span> <span class='ocrx_word' id='word_1_173' title='bbox 1119 3141 1404 3236; x_wconf 83' lang='lat' dir='ltr'>Transparentia</span> <span class='ocrx_word' id='word_1_174' title='bbox 1428 3137 1497 3211; x_wconf 91' lang='lat' dir='ltr'>hac</span> <span class='ocrx_word' id='word_1_175' title='bbox 1522 3163 1597 3210; x_wconf 89' lang='lat' dir='ltr'>non</span> <span class='ocrx_word' id='word_1_176' title='bbox 1624 3138 1827 3231; x_wconf 86' lang='lat' dir='ltr'>obsrllente,</span> <span class='ocrx_word' id='word_1_177' title='bbox 1844 3143 2069 3242; x_wconf 87' lang='lat' dir='ltr'>resplendere</span> <span class='ocrx_word' id='word_1_178' title='bbox 2088 3164 2141 3220; x_wconf 87' lang='lat' dir='ltr'>ta·</span> 
     </span>
     <span class='ocr_line' id='line_1_18' title="bbox 507 3277 2140 3379; baseline 0 -19"><span class='ocrx_word' id='word_1_179' title='bbox 507 3311 594 3360; x_wconf 90' lang='lat' dir='ltr'>men</span> <span class='ocrx_word' id='word_1_180' title='bbox 610 3285 742 3368; x_wconf 87' lang='lat' dir='ltr'>solent,</span> <span class='ocrx_word' id='word_1_181' title='bbox 767 3304 860 3379; x_wconf 88' lang='lat' dir='ltr'>quae</span> <span class='ocrx_word' id='word_1_182' title='bbox 876 3279 1062 3352; x_wconf 87' lang='lat' dir='ltr'>dilutiores</span> <span class='ocrx_word' id='word_1_183' title='bbox 1078 3277 1174 3368; x_wconf 92' lang='lat' dir='ltr'>sunt,</span> <span class='ocrx_word' id='word_1_184' title='bbox 1193 3279 1274 3350; x_wconf 88' lang='lat' dir='ltr'>licut</span> <span class='ocrx_word' id='word_1_185' title='bbox 1292 3277 1446 3348; x_wconf 77' lang='lat' dir='ltr'>fractura</span> <span class='ocrx_word' id='word_1_186' title='bbox 1461 3277 1613 3374; x_wconf 73' lang='lat' dir='ltr'>galeriae</span> <span class='ocrx_word' id='word_1_187' title='bbox 1631 3299 1775 3366; x_wconf 80' lang='lat' dir='ltr'>recena,</span> <span class='ocrx_word' id='word_1_188' title='bbox 1789 3305 1883 3377; x_wconf 90' lang='lat' dir='ltr'>quae</span> <span class='ocrx_word' id='word_1_189' title='bbox 1902 3308 1992 3359; x_wconf 86' lang='lat' dir='ltr'>vero</span> <span class='ocrx_word' id='word_1_190' title='bbox 2009 3283 2140 3363; x_wconf 86' lang='lat' dir='ltr'>satura·</span> 
     </span>
    </p>
   </div>
   <div class='ocr_carea' id='block_1_7' title="bbox 428 3420 2210 4233">
    <p class='ocr_par' dir='ltr' id='par_1_8' title="bbox 428 3420 2210 4233">
     <span class='ocr_line' id='line_1_19' title="bbox 508 3420 2141 3530; baseline 0.001 -26"><span class='ocrx_word' id='word_1_191' title='bbox 508 3436 638 3520; x_wconf 83' lang='lat' dir='ltr'>tioret,</span> <span class='ocrx_word' id='word_1_192' title='bbox 659 3447 699 3502; x_wconf 89' lang='lat' dir='ltr'>ut</span> <span class='ocrx_word' id='word_1_193' title='bbox 717 3429 851 3502; x_wconf 87' lang='lat' dir='ltr'>serrum</span> <span class='ocrx_word' id='word_1_194' title='bbox 876 3429 1075 3500; x_wconf 85' lang='lat' dir='ltr'>micaceum</span> <span class='ocrx_word' id='word_1_195' title='bbox 1098 3422 1407 3497; x_wconf 90' lang='lat' dir='ltr'>subretractorium</span> <span class='ocrx_word' id='word_1_196' title='bbox 1430 3420 1616 3493; x_wconf 83' lang='lat' dir='ltr'>lamellare</span> <span class='ocrx_word' id='word_1_197' title='bbox 1639 3447 1686 3495; x_wconf 91' lang='lat' dir='ltr'>ex</span> <span class='ocrx_word' id='word_1_198' title='bbox 1706 3423 1820 3499; x_wconf 86' lang='lat' dir='ltr'>insula</span> <span class='ocrx_word' id='word_1_199' title='bbox 1845 3426 1948 3502; x_wconf 88' lang='lat' dir='ltr'>Elba.</span> <span class='ocrx_word' id='word_1_200' title='bbox 1976 3429 2034 3504; x_wconf 92' lang='lat' dir='ltr'>Ne</span> <span class='ocrx_word' id='word_1_201' title='bbox 2060 3437 2141 3530; x_wconf 86' lang='lat' dir='ltr'>quis</span> 
     </span>
     <span class='ocr_line' id='line_1_20' title="bbox 428 3556 2145 3665; baseline 0.003 -23"><span class='ocrx_word' id='word_1_202' title='bbox 428 3563 444 3571; x_wconf 66' lang='grc'><em>”</em></span> <span class='ocrx_word' id='word_1_203' title='bbox 507 3581 634 3642; x_wconf 76' lang='lat' dir='ltr'>cutetn</span> <span class='ocrx_word' id='word_1_204' title='bbox 646 3567 843 3665; x_wconf 79' lang='lat' dir='ltr'>splendoris</span> <span class='ocrx_word' id='word_1_205' title='bbox 858 3563 963 3652; x_wconf 74' lang='lat' dir='ltr'>hujus</span> <span class='ocrx_word' id='word_1_206' title='bbox 995 3559 1386 3656; x_wconf 83' lang='lat' dir='ltr'>metallico-specularis</span> <span class='ocrx_word' id='word_1_207' title='bbox 1405 3556 1545 3634; x_wconf 72' lang='lat' dir='ltr'>caubm</span> <span class='ocrx_word' id='word_1_208' title='bbox 1561 3561 1731 3658; x_wconf 81' lang='lat' dir='ltr'>galenam</span> <span class='ocrx_word' id='word_1_209' title='bbox 1749 3566 1984 3641; x_wconf 81' lang='lat' dir='ltr'>traluceatem</span> <span class='ocrx_word' id='word_1_210' title='bbox 2001 3571 2145 3658; x_wconf 71' lang='lat' dir='ltr'>credat,</span> 
     </span>
     <span class='ocr_line' id='line_1_21' title="bbox 507 3704 2140 3821; baseline -0.007 -32"><span class='ocrx_word' id='word_1_211' title='bbox 507 3718 533 3788; x_wconf 76' lang='lat' dir='ltr'>fi</span> <span class='ocrx_word' id='word_1_212' title='bbox 551 3715 645 3788; x_wconf 86' lang='lat' dir='ltr'>banc</span> <span class='ocrx_word' id='word_1_213' title='bbox 660 3711 870 3786; x_wconf 82' lang='lat' dir='ltr'>immediate</span> <span class='ocrx_word' id='word_1_214' title='bbox 887 3725 1083 3806; x_wconf 85' lang='lat' dir='ltr'>occupant,</span> <span class='ocrx_word' id='word_1_215' title='bbox 1101 3711 1160 3794; x_wconf 89' lang='lat' dir='ltr'>(in</span> <span class='ocrx_word' id='word_1_216' title='bbox 1172 3704 1245 3782; x_wconf 87' lang='lat' dir='ltr'>boc</span> <span class='ocrx_word' id='word_1_217' title='bbox 1259 3708 1357 3819; x_wconf 80' lang='lat' dir='ltr'>epim</span> <span class='ocrx_word' id='word_1_218' title='bbox 1375 3704 1454 3778; x_wconf 85' lang='lat' dir='ltr'>casu</span> <span class='ocrx_word' id='word_1_219' title='bbox 1472 3708 1596 3803; x_wconf 81' lang='lat' dir='ltr'>potius</span> <span class='ocrx_word' id='word_1_220' title='bbox 1613 3705 1763 3784; x_wconf 90' lang='lat' dir='ltr'>ochram</span> <span class='ocrx_word' id='word_1_221' title='bbox 1781 3713 1872 3786; x_wconf 83' lang='lat' dir='ltr'>zinci</span> <span class='ocrx_word' id='word_1_222' title='bbox 1893 3735 2056 3810; x_wconf 74' lang='lat' dir='ltr'>opacam</span> <span class='ocrx_word' id='word_1_223' title='bbox 2066 3720 2140 3821; x_wconf 63' lang='lat' dir='ltr'>tm.</span> 
     </span>
     <span class='ocr_line' id='line_1_22' title="bbox 506 3841 2138 3954; baseline -0.007 -26"><span class='ocrx_word' id='word_1_224' title='bbox 506 3853 669 3928; x_wconf 87' lang='lat' dir='ltr'>mediate</span> <span class='ocrx_word' id='word_1_225' title='bbox 683 3845 1125 3934; x_wconf 79' lang='lat' dir='ltr'>obfideut).moneudum</span> <span class='ocrx_word' id='word_1_226' title='bbox 1140 3843 1202 3932; x_wconf 86' lang='lat' dir='ltr'>eil,</span> <span class='ocrx_word' id='word_1_227' title='bbox 1221 3843 1323 3916; x_wconf 87' lang='lat' dir='ltr'>illum</span> <span class='ocrx_word' id='word_1_228' title='bbox 1343 3841 1717 3938; x_wconf 78' lang='lat' dir='ltr'>splendoremiitdem</span> <span class='ocrx_word' id='word_1_229' title='bbox 1736 3847 1901 3943; x_wconf 75' lang='lat' dir='ltr'>crystallis</span> <span class='ocrx_word' id='word_1_230' title='bbox 1922 3854 1984 3927; x_wconf 85' lang='lat' dir='ltr'>vel</span> <span class='ocrx_word' id='word_1_231' title='bbox 2000 3878 2028 3943; x_wconf 81' lang='lat' dir='ltr'>a</span> <span class='ocrx_word' id='word_1_232' title='bbox 2039 3857 2138 3954; x_wconf 60' lang='lat' dir='ltr'>gale.</span> 
     </span>
     <span class='ocr_line' id='line_1_23' title="bbox 506 3986 2137 4090; baseline -0.001 -16"><span class='ocrx_word' id='word_1_233' title='bbox 506 4025 556 4074; x_wconf 84' lang='lat' dir='ltr'>na</span> <span class='ocrx_word' id='word_1_234' title='bbox 577 4001 725 4072; x_wconf 83' lang='lat' dir='ltr'>matrice</span> <span class='ocrx_word' id='word_1_235' title='bbox 751 3994 879 4067; x_wconf 81' lang='lat' dir='ltr'>avullia</span> <span class='ocrx_word' id='word_1_236' title='bbox 898 3989 1103 4076; x_wconf 86' lang='lat' dir='ltr'>inhaerere,</span> <span class='ocrx_word' id='word_1_237' title='bbox 1125 3991 1163 4061; x_wconf 86' lang='lat' dir='ltr'>in</span> <span class='ocrx_word' id='word_1_238' title='bbox 1180 4011 1276 4084; x_wconf 87' lang='lat' dir='ltr'>aqua</span> <span class='ocrx_word' id='word_1_239' title='bbox 1293 3986 1450 4080; x_wconf 82' lang='lat' dir='ltr'>praecise</span> <span class='ocrx_word' id='word_1_240' title='bbox 1467 3986 1552 4062; x_wconf 88' lang='lat' dir='ltr'>sorti</span> <span class='ocrx_word' id='word_1_241' title='bbox 1572 4005 1703 4082; x_wconf 62' lang='lat' dir='ltr'>[autem</span> <span class='ocrx_word' id='word_1_242' title='bbox 1729 3993 1834 4065; x_wconf 90' lang='lat' dir='ltr'>illico.</span> <span class='ocrx_word' id='word_1_243' title='bbox 1850 3995 2057 4090; x_wconf 74' lang='lat' dir='ltr'>disparere„</span> <span class='ocrx_word' id='word_1_244' title='bbox 2075 4002 2137 4086; x_wconf 80' lang='lat' dir='ltr'>ubi</span> 
     </span>
     <span class='ocr_line' id='line_1_24' title="bbox 506 4121 2210 4233; baseline -0.004 -22"><span class='ocrx_word' id='word_1_245' title='bbox 506 4138 657 4233; x_wconf 73' lang='lat' dir='ltr'>crystalli</span> <span class='ocrx_word' id='word_1_246' title='bbox 679 4130 857 4224; x_wconf 83' lang='lat' dir='ltr'>ejusmodi</span> <span class='ocrx_word' id='word_1_247' title='bbox 880 4125 1067 4202; x_wconf 79' lang='lat' dir='ltr'>immersae</span> <span class='ocrx_word' id='word_1_248' title='bbox 1091 4121 1492 4221; x_wconf 80' lang='lat' dir='ltr'>hyalino-albescentes</span> <span class='ocrx_word' id='word_1_249' title='bbox 1516 4124 1806 4224; x_wconf 84' lang='lat' dir='ltr'>semipellucidae</span> <span class='ocrx_word' id='word_1_250' title='bbox 1838 4133 2023 4222; x_wconf 86' lang='lat' dir='ltr'>evaduut;</span> <span class='ocrx_word' id='word_1_251' title='bbox 2056 4163 2137 4213; x_wconf 87' lang='lat' dir='ltr'>cum</span> <span class='ocrx_word' id='word_1_252' title='bbox 2208 4177 2210 4184; x_wconf 93' lang='lat'>·</span> 
     </span>
    </p>
   </div>
   <div class='ocr_carea' id='block_1_8' title="bbox 508 4269 2138 4528">
    <p class='ocr_par' dir='ltr' id='par_1_9' title="bbox 508 4269 2138 4528">
     <span class='ocr_line' id='line_1_25' title="bbox 509 4269 2137 4382; baseline 0 -27"><span class='ocrx_word' id='word_1_253' title='bbox 509 4301 654 4369; x_wconf 82' lang='lat' dir='ltr'>tamen,</span> <span class='ocrx_word' id='word_1_254' title='bbox 681 4299 769 4374; x_wconf 85' lang='lat' dir='ltr'>quas</span> <span class='ocrx_word' id='word_1_255' title='bbox 799 4272 902 4369; x_wconf 92' lang='lat' dir='ltr'>supra</span> <span class='ocrx_word' id='word_1_256' title='bbox 923 4275 1041 4368; x_wconf 80' lang='lat' dir='ltr'>nigras</span> <span class='ocrx_word' id='word_1_257' title='bbox 1072 4286 1110 4342; x_wconf 92' lang='lat' dir='ltr'>et</span> <span class='ocrx_word' id='word_1_258' title='bbox 1141 4269 1340 4366; x_wconf 77' lang='lat' dir='ltr'>pellucidae</span> <span class='ocrx_word' id='word_1_259' title='bbox 1377 4273 1625 4370; x_wconf 81' lang='lat' dir='ltr'>compellavi,</span> <span class='ocrx_word' id='word_1_260' title='bbox 1657 4274 1727 4348; x_wconf 89' lang='lat' dir='ltr'>lia</span> <span class='ocrx_word' id='word_1_261' title='bbox 1748 4279 1897 4352; x_wconf 87' lang='lat' dir='ltr'>matrice</span> <span class='ocrx_word' id='word_1_262' title='bbox 1925 4279 2137 4382; x_wconf 79' lang='lat' dir='ltr'>suagalena</span> 
     </span>
     <span class='ocr_line' id='line_1_26' title="bbox 508 4407 2138 4528; baseline -0.008 -35"><span class='ocrx_word' id='word_1_263' title='bbox 508 4419 731 4502; x_wconf 80' lang='lat' dir='ltr'>avellantur,</span> <span class='ocrx_word' id='word_1_264' title='bbox 754 4437 821 4487; x_wconf 90' lang='lat' dir='ltr'>nec</span> <span class='ocrx_word' id='word_1_265' title='bbox 837 4413 958 4508; x_wconf 80' lang='lat' dir='ltr'>nigrae</span> <span class='ocrx_word' id='word_1_266' title='bbox 974 4408 1149 4528; x_wconf 80' lang='lat' dir='ltr'>amplius,</span> <span class='ocrx_word' id='word_1_267' title='bbox 1171 4407 1290 4482; x_wconf 90' lang='lat' dir='ltr'>multo</span> <span class='ocrx_word' id='word_1_268' title='bbox 1310 4409 1427 4482; x_wconf 86' lang='lat' dir='ltr'>mirius</span> <span class='ocrx_word' id='word_1_269' title='bbox 1453 4410 1750 4504; x_wconf 84' lang='lat' dir='ltr'>metallicolorea,</span> <span class='ocrx_word' id='word_1_270' title='bbox 1780 4417 1842 4492; x_wconf 86' lang='lat' dir='ltr'>vel</span> <span class='ocrx_word' id='word_1_271' title='bbox 1857 4415 2045 4515; x_wconf 81' lang='lat' dir='ltr'>splendore</span> <span class='ocrx_word' id='word_1_272' title='bbox 2061 4447 2138 4520; x_wconf 53' lang='lat' dir='ltr'>mg.</span> 
     </span>
    </p>
   </div>
   <div class='ocr_carea' id='block_1_9' title="bbox 502 4540 2227 5388">
    <p class='ocr_par' dir='ltr' id='par_1_10' title="bbox 502 4540 2227 5388">
     <span class='ocr_line' id='line_1_27' title="bbox 510 4540 2138 4666; baseline 0.001 -26"><span class='ocrx_word' id='word_1_273' title='bbox 510 4540 632 4640; x_wconf 86' lang='lat' dir='ltr'>tallico</span> <span class='ocrx_word' id='word_1_274' title='bbox 656 4563 829 4645; x_wconf 72' lang='lat' dir='ltr'>micantea</span> <span class='ocrx_word' id='word_1_275' title='bbox 853 4559 940 4648; x_wconf 82' lang='lat' dir='ltr'>lint,</span> <span class='ocrx_word' id='word_1_276' title='bbox 951 4557 1017 4630; x_wconf 88' lang='lat' dir='ltr'>sed</span> <span class='ocrx_word' id='word_1_277' title='bbox 1034 4554 1220 4652; x_wconf 79' lang='lat' dir='ltr'>crystallini</span> <span class='ocrx_word' id='word_1_278' title='bbox 1246 4555 1424 4627; x_wconf 83' lang='lat' dir='ltr'>excoloris</span> <span class='ocrx_word' id='word_1_279' title='bbox 1442 4559 1526 4629; x_wconf 91' lang='lat' dir='ltr'>vitri</span> <span class='ocrx_word' id='word_1_280' title='bbox 1541 4556 1643 4630; x_wconf 77' lang='lat' dir='ltr'>instar</span> <span class='ocrx_word' id='word_1_281' title='bbox 1658 4563 1881 4654; x_wconf 82' lang='lat' dir='ltr'>pellucidae,</span> <span class='ocrx_word' id='word_1_282' title='bbox 1900 4567 1937 4638; x_wconf 90' lang='lat' dir='ltr'>in</span> <span class='ocrx_word' id='word_1_283' title='bbox 1955 4593 2050 4666; x_wconf 85' lang='lat' dir='ltr'>aqua</span> <span class='ocrx_word' id='word_1_284' title='bbox 2067 4571 2138 4662; x_wconf 83' lang='lat' dir='ltr'>sor·</span> 
     </span>
     <span class='ocr_line' id='line_1_28' title="bbox 511 4669 2139 4812; baseline 0.004 -29"><span class='ocrx_word' id='word_1_285' title='bbox 511 4714 541 4784; x_wconf 89' lang='lat' dir='ltr'>ti</span> <span class='ocrx_word' id='word_1_286' title='bbox 574 4708 689 4783; x_wconf 90' lang='lat' dir='ltr'>solum</span> <span class='ocrx_word' id='word_1_287' title='bbox 702 4700 1003 4798; x_wconf 81' lang='lat' dir='ltr'>‘semipellucidae</span> <span class='ocrx_word' id='word_1_288' title='bbox 1034 4669 1285 4798; x_wconf 82' lang='lat' dir='ltr'>prioribusque</span> <span class='ocrx_word' id='word_1_289' title='bbox 1309 4699 1448 4774; x_wconf 81' lang='lat' dir='ltr'>limiler.</span> <span class='ocrx_word' id='word_1_290' title='bbox 1486 4699 1651 4778; x_wconf 80' lang='lat' dir='ltr'>iudicent</span> <span class='ocrx_word' id='word_1_291' title='bbox 1675 4731 1770 4784; x_wconf 88' lang='lat' dir='ltr'>nunc</span> <span class='ocrx_word' id='word_1_292' title='bbox 1795 4713 2054 4812; x_wconf 83' lang='lat' dir='ltr'>mineralogiae</span> <span class='ocrx_word' id='word_1_293' title='bbox 2073 4740 2139 4790; x_wconf 90' lang='lat' dir='ltr'>me</span> 
     </span>
     <span class='ocr_line' id='line_1_29' title="bbox 511 4844 2138 4954; baseline 0.001 -24"><span class='ocrx_word' id='word_1_294' title='bbox 511 4859 702 4954; x_wconf 84' lang='lat' dir='ltr'>peritiores</span> <span class='ocrx_word' id='word_1_295' title='bbox 711 4850 784 4938; x_wconf 90' lang='lat' dir='ltr'>alii,</span> <span class='ocrx_word' id='word_1_296' title='bbox 802 4871 890 4923; x_wconf 89' lang='lat' dir='ltr'>num</span> <span class='ocrx_word' id='word_1_297' title='bbox 906 4845 1091 4920; x_wconf 82' lang='lat' dir='ltr'>rarillimas</span> <span class='ocrx_word' id='word_1_298' title='bbox 1109 4844 1175 4918; x_wconf 81' lang='lat' dir='ltr'>har</span> <span class='ocrx_word' id='word_1_299' title='bbox 1195 4844 1373 4941; x_wconf 75' lang='lat' dir='ltr'>eryllallos</span> <span class='ocrx_word' id='word_1_300' title='bbox 1388 4863 1505 4925; x_wconf 89' lang='lat' dir='ltr'>rectae</span> <span class='ocrx_word' id='word_1_301' title='bbox 1521 4865 1583 4923; x_wconf 91' lang='lat' dir='ltr'>aut</span> <span class='ocrx_word' id='word_1_302' title='bbox 1598 4875 1790 4948; x_wconf 88' lang='lat' dir='ltr'>perperam</span> <span class='ocrx_word' id='word_1_303' title='bbox 1803 4857 2003 4953; x_wconf 72' lang='lat' dir='ltr'>pellucidae</span> <span class='ocrx_word' id='word_1_304' title='bbox 2021 4857 2138 4932; x_wconf 84' lang='lat' dir='ltr'>simul·</span> 
     </span>
     <span class='ocr_line' id='line_1_30' title="bbox 502 4989 2139 5101; baseline 0.009 -35"><span class='ocrx_word' id='word_1_305' title='bbox 502 5027 586 5100; x_wconf 42' lang='lat' dir='ltr'>,que</span> <span class='ocrx_word' id='word_1_306' title='bbox 614 4996 892 5074; x_wconf 80' lang='lat' dir='ltr'>metallicolorer</span> <span class='ocrx_word' id='word_1_307' title='bbox 915 4989 1095 5066; x_wconf 64' lang='lat' dir='ltr'>diario?</span> <span class='ocrx_word' id='word_1_308' title='bbox 1123 5006 1234 5088; x_wconf 86' lang='lat' dir='ltr'>atque</span> <span class='ocrx_word' id='word_1_309' title='bbox 1257 4990 1354 5064; x_wconf 91' lang='lat' dir='ltr'>unde</span> <span class='ocrx_word' id='word_1_310' title='bbox 1379 4991 1528 5066; x_wconf 88' lang='lat' dir='ltr'>demum</span> <span class='ocrx_word' id='word_1_311' title='bbox 1551 4998 1755 5074; x_wconf 60' lang='lat' dir='ltr'>metallicus,</span> <span class='ocrx_word' id='word_1_312' title='bbox 1775 4998 2029 5097; x_wconf 86' lang='lat' dir='ltr'>illespleudot</span> <span class='ocrx_word' id='word_1_313' title='bbox 2053 5029 2139 5101; x_wconf 86' lang='lat' dir='ltr'>pro·</span> 
     </span>
     <span class='ocr_line' id='line_1_31' title="bbox 512 5136 2138 5241; baseline -0.004 -21"><span class='ocrx_word' id='word_1_314' title='bbox 512 5145 639 5224; x_wconf 85' lang='lat' dir='ltr'>venire</span> <span class='ocrx_word' id='word_1_315' title='bbox 656 5139 781 5240; x_wconf 89' lang='lat' dir='ltr'>pollit,</span> <span class='ocrx_word' id='word_1_316' title='bbox 800 5141 947 5238; x_wconf 84' lang='lat' dir='ltr'>quicum</span> <span class='ocrx_word' id='word_1_317' title='bbox 962 5137 1222 5232; x_wconf 79' lang='lat' dir='ltr'>trampareutia</span> <span class='ocrx_word' id='word_1_318' title='bbox 1236 5136 1436 5213; x_wconf 87' lang='lat' dir='ltr'>earundem</span> <span class='ocrx_word' id='word_1_319' title='bbox 1456 5143 1661 5238; x_wconf 77' lang='lat' dir='ltr'>incudem,</span> <span class='ocrx_word' id='word_1_320' title='bbox 1676 5149 1786 5224; x_wconf 88' lang='lat' dir='ltr'>utita</span> <span class='ocrx_word' id='word_1_321' title='bbox 1807 5145 1946 5241; x_wconf 82' lang='lat' dir='ltr'>dicam,</span> <span class='ocrx_word' id='word_1_322' title='bbox 1961 5149 2043 5240; x_wconf 78' lang='lat' dir='ltr'>sede</span> <span class='ocrx_word' id='word_1_323' title='bbox 2056 5177 2138 5239; x_wconf 67' lang='lat' dir='ltr'>pro.</span> 
     </span>
     <span class='ocr_line' id='line_1_32' title="bbox 512 5249 2227 5388; baseline 0.004 -30"><span class='ocrx_word' id='word_1_324' title='bbox 512 5291 632 5364; x_wconf 69' lang='lat' dir='ltr'>retur?</span> <span class='ocrx_word' id='word_1_325' title='bbox 662 5305 709 5353; x_wconf 88' lang='lat' dir='ltr'>an</span> <span class='ocrx_word' id='word_1_326' title='bbox 731 5301 883 5368; x_wconf 80' lang='lat' dir='ltr'>revera,</span> <span class='ocrx_word' id='word_1_327' title='bbox 909 5293 950 5352; x_wconf 88' lang='lat' dir='ltr'>ut</span> <span class='ocrx_word' id='word_1_328' title='bbox 974 5303 1021 5354; x_wconf 77' lang='lat' dir='ltr'>ex</span> <span class='ocrx_word' id='word_1_329' title='bbox 1043 5249 1334 5374; x_wconf 64' lang='lat' dir='ltr'>supra&#39;adduetis</span> <span class='ocrx_word' id='word_1_330' title='bbox 1361 5279 1488 5356; x_wconf 88' lang='lat' dir='ltr'>deduci</span> <span class='ocrx_word' id='word_1_331' title='bbox 1512 5280 1612 5378; x_wconf 88' lang='lat' dir='ltr'>polle</span> <span class='ocrx_word' id='word_1_332' title='bbox 1634 5283 1796 5379; x_wconf 82' lang='lat' dir='ltr'>viderur,</span> <span class='ocrx_word' id='word_1_333' title='bbox 1818 5309 1841 5364; x_wconf 91' lang='lat' dir='ltr'>a</span> <span class='ocrx_word' id='word_1_334' title='bbox 1866 5289 1995 5388; x_wconf 82' lang='lat' dir='ltr'>galera</span> <span class='ocrx_word' id='word_1_335' title='bbox 2020 5289 2139 5388; x_wconf 87' lang='lat' dir='ltr'>super·</span> <span class='ocrx_word' id='word_1_336' title='bbox 2222 5277 2227 5287; x_wconf 79' lang='grc'>’</span> 
     </span>
    </p>
   </div>
   <div class='ocr_carea' id='block_1_10' title="bbox 0 0 2616 6609">
    <p class='ocr_par' dir='ltr' id='par_1_11' title="bbox 0 0 2616 6609">
     <span class='ocr_line' id='line_1_33' title="bbox 0 0 2616 6609; baseline 0 0"><span class='ocrx_word' id='word_1_337' title='bbox 0 0 2616 6609; x_wconf 95' lang='lat' dir='ltr'> </span> 
     </span>
    </p>
   </div>
  </div>
 </body>
</html>
