<?xml version="1.0" encoding="UTF-8"?>
<!DOCTYPE html PUBLIC "-//W3C//DTD XHTML 1.0 Transitional//EN"
    "http://www.w3.org/TR/xhtml1/DTD/xhtml1-transitional.dtd">
<html xmlns="http://www.w3.org/1999/xhtml" xml:lang="en" lang="en">
 <head>
  <title>
</title>
<meta http-equiv="Content-Type" content="text/html;charset=utf-8" />
  <meta name='ocr-system' content='tesseract 3.04.00' />
  <meta name='ocr-capabilities' content='ocr_page ocr_carea ocr_par ocr_line ocrx_word'/>
</head>
<body>
  <div class='ocr_page' id='page_1' title='image "./xaveriiwulfende00eyergoog_0050.png"; bbox 0 0 5209 6609; ppageno 0'>
   <div class='ocr_carea' id='block_1_1' title="bbox 532 875 583 947">
    <p class='ocr_par' dir='ltr' id='par_1_1' title="bbox 532 875 583 947">
     <span class='ocr_line' id='line_1_1' title="bbox 532 875 583 947; baseline 0 0"><span class='ocrx_word' id='word_1_1' title='bbox 532 875 583 947; x_wconf 80' lang='lat'>48</span> 
     </span>
    </p>
   </div>
   <div class='ocr_carea' id='block_1_2' title="bbox 535 1044 2175 1983">
    <p class='ocr_par' dir='ltr' id='par_1_2' title="bbox 535 1044 2175 1983">
     <span class='ocr_line' id='line_1_2' title="bbox 535 1044 2168 1145; baseline -0.006 -17"><span class='ocrx_word' id='word_1_2' title='bbox 535 1050 727 1139; x_wconf 88' lang='lat' dir='ltr'>sescentes,</span> <span class='ocrx_word' id='word_1_3' title='bbox 749 1074 792 1123; x_wconf 85' lang='lat' dir='ltr'>ac</span> <span class='ocrx_word' id='word_1_4' title='bbox 806 1050 962 1145; x_wconf 85' lang='lat' dir='ltr'>denique</span> <span class='ocrx_word' id='word_1_5' title='bbox 979 1050 1115 1145; x_wconf 86' lang='lat' dir='ltr'>nigras;</span> <span class='ocrx_word' id='word_1_6' title='bbox 1138 1046 1278 1120; x_wconf 79' lang='lat' dir='ltr'>cubicas</span> <span class='ocrx_word' id='word_1_7' title='bbox 1295 1050 1387 1121; x_wconf 87' lang='lat' dir='ltr'>inter</span> <span class='ocrx_word' id='word_1_8' title='bbox 1404 1048 1603 1143; x_wconf 85' lang='lat' dir='ltr'>cryllallos,</span> <span class='ocrx_word' id='word_1_9' title='bbox 1631 1046 1790 1141; x_wconf 88' lang='lat' dir='ltr'>undique</span> <span class='ocrx_word' id='word_1_10' title='bbox 1807 1044 1980 1140; x_wconf 86' lang='lat' dir='ltr'>dispersas</span> <span class='ocrx_word' id='word_1_11' title='bbox 1996 1050 2168 1135; x_wconf 76' lang='lat' dir='ltr'>inveniri3</span> 
     </span>
     <span class='ocr_line' id='line_1_3' title="bbox 535 1182 2170 1286; baseline -0.006 -21"><span class='ocrx_word' id='word_1_12' title='bbox 535 1192 602 1265; x_wconf 87' lang='lat' dir='ltr'>bas</span> <span class='ocrx_word' id='word_1_13' title='bbox 620 1189 856 1286; x_wconf 89' lang='lat' dir='ltr'>microscopio</span> <span class='ocrx_word' id='word_1_14' title='bbox 874 1210 954 1259; x_wconf 90' lang='lat' dir='ltr'>curn</span> <span class='ocrx_word' id='word_1_15' title='bbox 977 1186 1241 1275; x_wconf 87' lang='lat' dir='ltr'>consuluissem,</span> <span class='ocrx_word' id='word_1_16' title='bbox 1266 1186 1414 1259; x_wconf 78' lang='lat' dir='ltr'>cubulos</span> <span class='ocrx_word' id='word_1_17' title='bbox 1431 1202 1466 1257; x_wconf 88' lang='lat' dir='ltr'>et</span> <span class='ocrx_word' id='word_1_18' title='bbox 1485 1185 1556 1282; x_wconf 89' lang='lat' dir='ltr'>ipse</span> <span class='ocrx_word' id='word_1_19' title='bbox 1582 1188 1702 1256; x_wconf 83' lang='lat' dir='ltr'>inveni</span> <span class='ocrx_word' id='word_1_20' title='bbox 1726 1182 1793 1256; x_wconf 89' lang='lat' dir='ltr'>elle</span> <span class='ocrx_word' id='word_1_21' title='bbox 1809 1188 1958 1272; x_wconf 81' lang='lat' dir='ltr'>jamiam</span> <span class='ocrx_word' id='word_1_22' title='bbox 1978 1186 2170 1260; x_wconf 83' lang='lat' dir='ltr'>fatiscentis</span> 
     </span>
     <span class='ocr_line' id='line_1_4' title="bbox 535 1322 2169 1423; baseline -0.006 -19"><span class='ocrx_word' id='word_1_23' title='bbox 535 1330 696 1420; x_wconf 81' lang='lat' dir='ltr'>ejusdem</span> <span class='ocrx_word' id='word_1_24' title='bbox 722 1332 872 1400; x_wconf 92' lang='lat' dir='ltr'>omnino</span> <span class='ocrx_word' id='word_1_25' title='bbox 896 1325 1020 1423; x_wconf 86' lang='lat' dir='ltr'>spatoli</span> <span class='ocrx_word' id='word_1_26' title='bbox 1045 1325 1196 1419; x_wconf 83' lang='lat' dir='ltr'>plumbi.</span> <span class='ocrx_word' id='word_1_27' title='bbox 1245 1322 1413 1397; x_wconf 87' lang='lat' dir='ltr'>Pollideo</span> <span class='ocrx_word' id='word_1_28' title='bbox 1442 1348 1531 1398; x_wconf 85' lang='lat' dir='ltr'>vero</span> <span class='ocrx_word' id='word_1_29' title='bbox 1556 1342 1593 1396; x_wconf 86' lang='lat' dir='ltr'>et</span> <span class='ocrx_word' id='word_1_30' title='bbox 1618 1324 1715 1395; x_wconf 82' lang='lat' dir='ltr'>aliud</span> <span class='ocrx_word' id='word_1_31' title='bbox 1742 1348 1890 1419; x_wconf 92' lang='lat' dir='ltr'>quoque</span> <span class='ocrx_word' id='word_1_32' title='bbox 1910 1322 2087 1419; x_wconf 79' lang='lat' dir='ltr'>specimen</span> <span class='ocrx_word' id='word_1_33' title='bbox 2107 1348 2169 1395; x_wconf 87' lang='lat' dir='ltr'>an·</span> 
     </span>
     <span class='ocr_line' id='line_1_5' title="bbox 536 1460 2168 1567; baseline -0.006 -26"><span class='ocrx_word' id='word_1_34' title='bbox 536 1468 891 1567; x_wconf 67' lang='lat' dir='ltr'>thrasone-nigrum,</span> <span class='ocrx_word' id='word_1_35' title='bbox 915 1463 1092 1559; x_wconf 75' lang='lat' dir='ltr'>crystallus</span> <span class='ocrx_word' id='word_1_36' title='bbox 1115 1466 1149 1535; x_wconf 90' lang='lat' dir='ltr'>in</span> <span class='ocrx_word' id='word_1_37' title='bbox 1175 1486 1220 1535; x_wconf 90' lang='lat' dir='ltr'>eo</span> <span class='ocrx_word' id='word_1_38' title='bbox 1241 1464 1416 1560; x_wconf 87' lang='lat' dir='ltr'>quasdam</span> <span class='ocrx_word' id='word_1_39' title='bbox 1435 1480 1548 1551; x_wconf 89' lang='lat' dir='ltr'>atras,</span> <span class='ocrx_word' id='word_1_40' title='bbox 1574 1486 1619 1534; x_wconf 86' lang='lat' dir='ltr'>ex</span> <span class='ocrx_word' id='word_1_41' title='bbox 1645 1462 1745 1533; x_wconf 84' lang='lat' dir='ltr'>slavo</span> <span class='ocrx_word' id='word_1_42' title='bbox 1773 1464 1888 1557; x_wconf 86' lang='lat' dir='ltr'>magis</span> <span class='ocrx_word' id='word_1_43' title='bbox 1906 1464 2094 1557; x_wconf 82' lang='lat' dir='ltr'>magisque</span> <span class='ocrx_word' id='word_1_44' title='bbox 2118 1460 2168 1531; x_wconf 90' lang='lat' dir='ltr'>ni·</span> 
     </span>
     <span class='ocr_line' id='line_1_6' title="bbox 535 1598 2172 1707; baseline -0.006 -27"><span class='ocrx_word' id='word_1_45' title='bbox 535 1606 732 1707; x_wconf 82' lang='lat' dir='ltr'>grescentes</span> <span class='ocrx_word' id='word_1_46' title='bbox 747 1606 854 1689; x_wconf 83' lang='lat' dir='ltr'>alias,</span> <span class='ocrx_word' id='word_1_47' title='bbox 871 1604 959 1673; x_wconf 87' lang='lat' dir='ltr'>alias</span> <span class='ocrx_word' id='word_1_48' title='bbox 985 1604 1095 1673; x_wconf 90' lang='lat' dir='ltr'>etiam</span> <span class='ocrx_word' id='word_1_49' title='bbox 1115 1626 1225 1697; x_wconf 86' lang='lat' dir='ltr'>quam</span> <span class='ocrx_word' id='word_1_50' title='bbox 1245 1604 1438 1673; x_wconf 74' lang='lat' dir='ltr'>simillimas</span> <span class='ocrx_word' id='word_1_51' title='bbox 1462 1600 1593 1673; x_wconf 85' lang='lat' dir='ltr'>ochrae</span> <span class='ocrx_word' id='word_1_52' title='bbox 1612 1604 1734 1671; x_wconf 85' lang='lat' dir='ltr'>martis</span> <span class='ocrx_word' id='word_1_53' title='bbox 1749 1598 1894 1685; x_wconf 83' lang='lat' dir='ltr'>flavae,</span> <span class='ocrx_word' id='word_1_54' title='bbox 1912 1624 1957 1671; x_wconf 84' lang='lat' dir='ltr'>ex</span> <span class='ocrx_word' id='word_1_55' title='bbox 1975 1616 2075 1695; x_wconf 86' lang='lat' dir='ltr'>parte</span> <span class='ocrx_word' id='word_1_56' title='bbox 2094 1622 2172 1670; x_wconf 87' lang='lat' dir='ltr'>cor·</span> 
     </span>
     <span class='ocr_line' id='line_1_7' title="bbox 536 1734 2170 1839; baseline -0.006 -20"><span class='ocrx_word' id='word_1_57' title='bbox 536 1744 632 1819; x_wconf 87' lang='lat' dir='ltr'>rosas</span> <span class='ocrx_word' id='word_1_58' title='bbox 644 1741 843 1839; x_wconf 85' lang='lat' dir='ltr'><strong>conspicio:</strong></span> <span class='ocrx_word' id='word_1_59' title='bbox 862 1757 902 1813; x_wconf 95' lang='lat' dir='ltr'>ut</span> <span class='ocrx_word' id='word_1_60' title='bbox 921 1740 1016 1811; x_wconf 88' lang='lat' dir='ltr'>adeo</span> <span class='ocrx_word' id='word_1_61' title='bbox 1034 1766 1106 1811; x_wconf 86' lang='lat' dir='ltr'>non</span> <span class='ocrx_word' id='word_1_62' title='bbox 1124 1762 1315 1835; x_wconf 79' lang='lat' dir='ltr'>perperam</span> <span class='ocrx_word' id='word_1_63' title='bbox 1336 1762 1394 1811; x_wconf 89' lang='lat' dir='ltr'>me</span> <span class='ocrx_word' id='word_1_64' title='bbox 1411 1738 1622 1810; x_wconf 83' lang='lat' dir='ltr'>concludere</span> <span class='ocrx_word' id='word_1_65' title='bbox 1639 1736 1781 1811; x_wconf 87' lang='lat' dir='ltr'>credam</span> <span class='ocrx_word' id='word_1_66' title='bbox 1801 1734 1917 1830; x_wconf 86' lang='lat' dir='ltr'>polle,</span> <span class='ocrx_word' id='word_1_67' title='bbox 1938 1737 2170 1833; x_wconf 77' lang='lat' dir='ltr'>inplumbum</span> 
     </span>
     <span class='ocr_line' id='line_1_8' title="bbox 536 1875 2175 1983; baseline -0.006 -26"><span class='ocrx_word' id='word_1_68' title='bbox 536 1880 714 1983; x_wconf 88' lang='lat' dir='ltr'>spatosurn</span> <span class='ocrx_word' id='word_1_69' title='bbox 735 1880 893 1968; x_wconf 82' lang='lat' dir='ltr'>flavum,</span> <span class='ocrx_word' id='word_1_70' title='bbox 918 1882 956 1950; x_wconf 92' lang='lat' dir='ltr'>in</span> <span class='ocrx_word' id='word_1_71' title='bbox 974 1876 1121 1949; x_wconf 87' lang='lat' dir='ltr'>ochram</span> <span class='ocrx_word' id='word_1_72' title='bbox 1139 1900 1212 1949; x_wconf 90' lang='lat' dir='ltr'>non</span> <span class='ocrx_word' id='word_1_73' title='bbox 1232 1878 1348 1950; x_wconf 86' lang='lat' dir='ltr'>rusam</span> <span class='ocrx_word' id='word_1_74' title='bbox 1366 1878 1501 1965; x_wconf 88' lang='lat' dir='ltr'>solum,</span> <span class='ocrx_word' id='word_1_75' title='bbox 1529 1875 1587 1948; x_wconf 92' lang='lat' dir='ltr'>sed</span> <span class='ocrx_word' id='word_1_76' title='bbox 1607 1880 1745 1973; x_wconf 82' lang='lat' dir='ltr'>nigram</span> <span class='ocrx_word' id='word_1_77' title='bbox 1762 1877 1873 1945; x_wconf 87' lang='lat' dir='ltr'>etiam</span> <span class='ocrx_word' id='word_1_78' title='bbox 1894 1875 2053 1947; x_wconf 80' lang='lat' dir='ltr'>fatiscere</span> <span class='ocrx_word' id='word_1_79' title='bbox 2075 1876 2175 1947; x_wconf 88' lang='lat' dir='ltr'>deni·</span> 
     </span>
    </p>
   </div>
   <div class='ocr_carea' id='block_1_3' title="bbox 537 2012 2175 2247">
    <p class='ocr_par' dir='ltr' id='par_1_3' title="bbox 537 2012 2175 2247">
     <span class='ocr_line' id='line_1_9' title="bbox 537 2012 2174 2129; baseline -0.005 -32"><span class='ocrx_word' id='word_1_80' title='bbox 537 2051 631 2129; x_wconf 90' lang='lat' dir='ltr'>que,</span> <span class='ocrx_word' id='word_1_81' title='bbox 655 2038 693 2095; x_wconf 87' lang='lat' dir='ltr'>ct</span> <span class='ocrx_word' id='word_1_82' title='bbox 709 2038 840 2095; x_wconf 88' lang='lat' dir='ltr'>terram</span> <span class='ocrx_word' id='word_1_83' title='bbox 860 2018 952 2093; x_wconf 86' lang='lat' dir='ltr'>hanc</span> <span class='ocrx_word' id='word_1_84' title='bbox 965 2016 1223 2121; x_wconf 83' lang='lat' dir='ltr'>psunrbariom</span> <span class='ocrx_word' id='word_1_85' title='bbox 1244 2014 1420 2103; x_wconf 84' lang='lat' dir='ltr'>rubram,</span> <span class='ocrx_word' id='word_1_86' title='bbox 1447 2016 1643 2091; x_wconf 81' lang='lat' dir='ltr'>ueletiam</span> <span class='ocrx_word' id='word_1_87' title='bbox 1661 2018 1814 2115; x_wconf 82' lang='lat' dir='ltr'>nigrum</span> <span class='ocrx_word' id='word_1_88' title='bbox 1842 2012 2011 2087; x_wconf 85' lang='lat' dir='ltr'>Wollerii</span> <span class='ocrx_word' id='word_1_89' title='bbox 2029 2014 2097 2087; x_wconf 87' lang='lat' dir='ltr'>else</span> <span class='ocrx_word' id='word_1_90' title='bbox 2121 2017 2174 2088; x_wconf 92' lang='lat' dir='ltr'>di·</span> 
     </span>
     <span class='ocr_line' id='line_1_10' title="bbox 537 2142 2175 2247; baseline -0.005 -20"><span class='ocrx_word' id='word_1_91' title='bbox 537 2177 640 2239; x_wconf 90' lang='lat' dir='ltr'>carn,</span> <span class='ocrx_word' id='word_1_92' title='bbox 666 2173 761 2247; x_wconf 88' lang='lat' dir='ltr'>quae</span> <span class='ocrx_word' id='word_1_93' title='bbox 783 2172 831 2220; x_wconf 82' lang='lat' dir='ltr'>ex</span> <span class='ocrx_word' id='word_1_94' title='bbox 852 2150 1087 2223; x_wconf 77' lang='lat' dir='ltr'>destructione</span> <span class='ocrx_word' id='word_1_95' title='bbox 1112 2150 1272 2222; x_wconf 87' lang='lat' dir='ltr'>minerae</span> <span class='ocrx_word' id='word_1_96' title='bbox 1292 2145 1434 2245; x_wconf 89' lang='lat' dir='ltr'>plumbi</span> <span class='ocrx_word' id='word_1_97' title='bbox 1453 2144 1561 2220; x_wconf 86' lang='lat' dir='ltr'>ochra</span> <span class='ocrx_word' id='word_1_98' title='bbox 1579 2146 1754 2235; x_wconf 79' lang='lat' dir='ltr'>martiali,</span> <span class='ocrx_word' id='word_1_99' title='bbox 1774 2158 1836 2215; x_wconf 85' lang='lat' dir='ltr'>aut</span> <span class='ocrx_word' id='word_1_100' title='bbox 1855 2144 1981 2241; x_wconf 84' lang='lat' dir='ltr'>argilla</span> <span class='ocrx_word' id='word_1_101' title='bbox 2003 2142 2175 2219; x_wconf 83' lang='lat' dir='ltr'>ocbracea</span> 
     </span>
    </p>
   </div>
   <div class='ocr_carea' id='block_1_4' title="bbox 538 2291 810 2364">
    <p class='ocr_par' dir='ltr' id='par_1_4' title="bbox 538 2291 810 2364">
     <span class='ocr_line' id='line_1_11' title="bbox 538 2291 810 2364; baseline -0.018 0"><span class='ocrx_word' id='word_1_102' title='bbox 538 2294 652 2364; x_wconf 78' lang='lat' dir='ltr'>mixta</span> <span class='ocrx_word' id='word_1_103' title='bbox 667 2291 810 2361; x_wconf 83' lang='lat' dir='ltr'>oriatur.</span> 
     </span>
    </p>
   </div>
   <div class='ocr_carea' id='block_1_5' title="bbox 1254 2517 1444 2671">
    <p class='ocr_par' dir='ltr' id='par_1_5' title="bbox 1254 2517 1444 2671">
     <span class='ocr_line' id='line_1_12' title="bbox 1254 2517 1444 2671; baseline 0 0"><span class='ocrx_word' id='word_1_104' title='bbox 1254 2517 1444 2671; x_wconf 83' lang='lat' dir='ltr'>xxii.</span> 
     </span>
    </p>
   </div>
   <div class='ocr_carea' id='block_1_6' title="bbox 539 2837 2178 3351">
    <p class='ocr_par' dir='ltr' id='par_1_6' title="bbox 539 2837 2178 3351">
     <span class='ocr_line' id='line_1_13' title="bbox 539 2837 2178 2983; baseline -0.002 -33"><span class='ocrx_word' id='word_1_105' title='bbox 539 2846 1103 2983; x_wconf 61' lang='lat' dir='ltr'>Plumbumspatcffum</span> <span class='ocrx_word' id='word_1_106' title='bbox 1129 2837 1495 2946; x_wconf 69' lang='lat' dir='ltr'>aurantrbcum</span> <span class='ocrx_word' id='word_1_107' title='bbox 1526 2842 1898 2981; x_wconf 74' lang='lat' dir='ltr'>crystallinum,</span> <span class='ocrx_word' id='word_1_108' title='bbox 1932 2844 2178 2981; x_wconf 79' lang='lat' dir='ltr'>crystallis</span> 
     </span>
     <span class='ocr_line' id='line_1_14' title="bbox 678 3027 2171 3171; baseline -0.001 -38"><span class='ocrx_word' id='word_1_109' title='bbox 678 3030 875 3171; x_wconf 70' lang='lat' dir='ltr'>par-tim</span> <span class='ocrx_word' id='word_1_110' title='bbox 894 3027 1104 3144; x_wconf 80' lang='lat' dir='ltr'>cubicis,</span> <span class='ocrx_word' id='word_1_111' title='bbox 1124 3028 1323 3166; x_wconf 69' lang='lat' dir='ltr'>potuim</span> <span class='ocrx_word' id='word_1_112' title='bbox 1341 3028 1941 3169; x_wconf 61' lang='lat' dir='ltr'>mabilio-prismaticis</span> <span class='ocrx_word' id='word_1_113' title='bbox 1960 3028 2102 3131; x_wconf 80' lang='lat' dir='ltr'>iuver</span> <span class='ocrx_word' id='word_1_114' title='bbox 2115 3064 2171 3131; x_wconf 83' lang='lat' dir='ltr'>1s.</span> 
     </span>
     <span class='ocr_line' id='line_1_15' title="bbox 695 3205 1256 3351; baseline -0.005 -35"><span class='ocrx_word' id='word_1_115' title='bbox 695 3214 827 3317; x_wconf 87' lang='lat' dir='ltr'>Tab.</span> <span class='ocrx_word' id='word_1_116' title='bbox 861 3212 1003 3315; x_wconf 90' lang='lat' dir='ltr'><em>VIII.</em></span> <span class='ocrx_word' id='word_1_117' title='bbox 1036 3211 1151 3351; x_wconf 83' lang='lat' dir='ltr'>Fig.</span> <span class='ocrx_word' id='word_1_118' title='bbox 1175 3205 1256 3337; x_wconf 81' lang='lat'>18.</span> 
     </span>
    </p>
   </div>
   <div class='ocr_carea' id='block_1_7' title="bbox 593 3512 1695 3634">
    <p class='ocr_par' dir='ltr' id='par_1_7' title="bbox 593 3512 1695 3634">
     <span class='ocr_line' id='line_1_16' title="bbox 593 3512 1695 3634; baseline -0.003 -25"><span class='ocrx_word' id='word_1_119' title='bbox 593 3530 741 3609; x_wconf 80' lang='lat' dir='ltr'>Eodem</span> <span class='ocrx_word' id='word_1_120' title='bbox 755 3527 866 3617; x_wconf 83' lang='lat' dir='ltr'>buic,</span> <span class='ocrx_word' id='word_1_121' title='bbox 880 3552 984 3634; x_wconf 80' lang='lat' dir='ltr'>quae</span> <span class='ocrx_word' id='word_1_122' title='bbox 996 3529 1180 3603; x_wconf 79' lang='lat' dir='ltr'>varietati</span> <span class='ocrx_word' id='word_1_123' title='bbox 1189 3530 1335 3631; x_wconf 86' lang='lat' dir='ltr'>priori,</span> <span class='ocrx_word' id='word_1_124' title='bbox 1355 3528 1490 3629; x_wconf 84' lang='lat' dir='ltr'>patrio</span> <span class='ocrx_word' id='word_1_125' title='bbox 1509 3540 1546 3603; x_wconf 84' lang='lat' dir='ltr'>et</span> <span class='ocrx_word' id='word_1_126' title='bbox 1562 3512 1695 3607; x_wconf 71' lang='lat' dir='ltr'>mater.</span> 
     </span>
    </p>
   </div>
   <div class='ocr_carea' id='block_1_8' title="bbox 545 3756 2188 4873">
    <p class='ocr_par' dir='ltr' id='par_1_8' title="bbox 545 3756 2188 4873">
     <span class='ocr_line' id='line_1_17' title="bbox 547 3756 2180 3904; baseline -0.001 -19"><span class='ocrx_word' id='word_1_127' title='bbox 547 3756 737 3886; x_wconf 76' lang='lat' dir='ltr'>colorem</span> <span class='ocrx_word' id='word_1_128' title='bbox 761 3806 1002 3903; x_wconf 76' lang='lat' dir='ltr'>crystallorum</span> <span class='ocrx_word' id='word_1_129' title='bbox 1030 3806 1277 3880; x_wconf 84' lang='lat' dir='ltr'>cubicarutnli</span> <span class='ocrx_word' id='word_1_130' title='bbox 1305 3806 1451 3893; x_wconf 82' lang='lat' dir='ltr'>demas,</span> <span class='ocrx_word' id='word_1_131' title='bbox 1474 3802 1667 3877; x_wconf 85' lang='lat' dir='ltr'>saturatum</span> <span class='ocrx_word' id='word_1_132' title='bbox 1685 3808 1800 3903; x_wconf 83' lang='lat' dir='ltr'>magis</span> <span class='ocrx_word' id='word_1_133' title='bbox 1817 3830 1978 3904; x_wconf 87' lang='lat' dir='ltr'>vereque</span> <span class='ocrx_word' id='word_1_134' title='bbox 2001 3812 2180 3899; x_wconf 76' lang='lat' dir='ltr'>curantis·</span> 
     </span>
     <span class='ocr_line' id='line_1_18' title="bbox 545 3941 2180 4039; baseline 0 -16"><span class='ocrx_word' id='word_1_135' title='bbox 545 3974 629 4023; x_wconf 87' lang='lat' dir='ltr'>cum</span> <span class='ocrx_word' id='word_1_136' title='bbox 643 3948 828 4021; x_wconf 78' lang='lat' dir='ltr'>varietatis</span> <span class='ocrx_word' id='word_1_137' title='bbox 841 3942 968 4031; x_wconf 81' lang='lat' dir='ltr'>buius,</span> <span class='ocrx_word' id='word_1_138' title='bbox 992 3942 1082 4015; x_wconf 84' lang='lat' dir='ltr'>nihil</span> <span class='ocrx_word' id='word_1_139' title='bbox 1099 3966 1122 4015; x_wconf 87' lang='lat' dir='ltr'>a</span> <span class='ocrx_word' id='word_1_140' title='bbox 1138 3946 1259 4039; x_wconf 89' lang='lat' dir='ltr'>priore</span> <span class='ocrx_word' id='word_1_141' title='bbox 1277 3944 1455 4017; x_wconf 86' lang='lat' dir='ltr'>diversum</span> <span class='ocrx_word' id='word_1_142' title='bbox 1472 3948 1507 4015; x_wconf 91' lang='lat' dir='ltr'>in</span> <span class='ocrx_word' id='word_1_143' title='bbox 1525 3941 1584 4015; x_wconf 81' lang='lat' dir='ltr'>illa</span> <span class='ocrx_word' id='word_1_144' title='bbox 1601 3946 1786 4034; x_wconf 79' lang='lat' dir='ltr'>invenias,</span> <span class='ocrx_word' id='word_1_145' title='bbox 1812 3949 2040 4019; x_wconf 80' lang='lat' dir='ltr'>intermixtae</span> <span class='ocrx_word' id='word_1_146' title='bbox 2056 3964 2180 4023; x_wconf 82' lang='lat' dir='ltr'>tamen</span> 
     </span>
     <span class='ocr_line' id='line_1_19' title="bbox 547 4079 2180 4183; baseline -0.001 -23"><span class='ocrx_word' id='word_1_147' title='bbox 547 4086 691 4173; x_wconf 83' lang='lat' dir='ltr'>cubicis,</span> <span class='ocrx_word' id='word_1_148' title='bbox 705 4100 743 4157; x_wconf 91' lang='lat' dir='ltr'>et</span> <span class='ocrx_word' id='word_1_149' title='bbox 761 4084 855 4155; x_wconf 77' lang='lat' dir='ltr'>aliae</span> <span class='ocrx_word' id='word_1_150' title='bbox 871 4082 1019 4176; x_wconf 77' lang='lat' dir='ltr'>cryslalli</span> <span class='ocrx_word' id='word_1_151' title='bbox 1036 4079 1114 4153; x_wconf 84' lang='lat' dir='ltr'>sunt</span> <span class='ocrx_word' id='word_1_152' title='bbox 1131 4080 1238 4169; x_wconf 84' lang='lat' dir='ltr'>ilihic,</span> <span class='ocrx_word' id='word_1_153' title='bbox 1254 4083 1406 4180; x_wconf 88' lang='lat' dir='ltr'>regulari</span> <span class='ocrx_word' id='word_1_154' title='bbox 1423 4082 1722 4179; x_wconf 82' lang='lat' dir='ltr'>parallelepipedi</span> <span class='ocrx_word' id='word_1_155' title='bbox 1736 4082 1792 4155; x_wconf 88' lang='lat' dir='ltr'>seu</span> <span class='ocrx_word' id='word_1_156' title='bbox 1812 4080 1988 4177; x_wconf 89' lang='lat' dir='ltr'>prismatis</span> <span class='ocrx_word' id='word_1_157' title='bbox 2003 4086 2180 4183; x_wconf 86' lang='lat' dir='ltr'>quadran·</span> 
     </span>
     <span class='ocr_line' id='line_1_20' title="bbox 547 4218 2179 4325; baseline 0.001 -28"><span class='ocrx_word' id='word_1_158' title='bbox 547 4226 678 4325; x_wconf 85' lang='lat' dir='ltr'>gularis</span> <span class='ocrx_word' id='word_1_159' title='bbox 701 4220 829 4293; x_wconf 77' lang='lat' dir='ltr'>inverti</span> <span class='ocrx_word' id='word_1_160' title='bbox 853 4218 1070 4316; x_wconf 85' lang='lat' dir='ltr'>proliatiquc</span> <span class='ocrx_word' id='word_1_161' title='bbox 1087 4220 1228 4305; x_wconf 86' lang='lat' dir='ltr'>sorma;</span> <span class='ocrx_word' id='word_1_162' title='bbox 1249 4219 1320 4295; x_wconf 86' lang='lat' dir='ltr'>bae</span> <span class='ocrx_word' id='word_1_163' title='bbox 1336 4221 1451 4317; x_wconf 89' lang='lat' dir='ltr'>duplo</span> <span class='ocrx_word' id='word_1_164' title='bbox 1471 4221 1628 4317; x_wconf 81' lang='lat' dir='ltr'>triplove</span> <span class='ocrx_word' id='word_1_165' title='bbox 1653 4220 1783 4293; x_wconf 86' lang='lat' dir='ltr'>cubicis</span> <span class='ocrx_word' id='word_1_166' title='bbox 1802 4222 2003 4319; x_wconf 88' lang='lat' dir='ltr'>longiores,</span> <span class='ocrx_word' id='word_1_167' title='bbox 2029 4227 2094 4297; x_wconf 82' lang='lat' dir='ltr'>vix</span> <span class='ocrx_word' id='word_1_168' title='bbox 2121 4242 2179 4299; x_wconf 79' lang='lat' dir='ltr'>te-</span> 
     </span>
     <span class='ocr_line' id='line_1_21' title="bbox 547 4357 2188 4457; baseline -0.002 -20"><span class='ocrx_word' id='word_1_169' title='bbox 547 4386 634 4439; x_wconf 86' lang='lat' dir='ltr'>men</span> <span class='ocrx_word' id='word_1_170' title='bbox 651 4360 854 4433; x_wconf 84' lang='lat' dir='ltr'>cubicarum</span> <span class='ocrx_word' id='word_1_171' title='bbox 873 4358 945 4429; x_wconf 77' lang='lat' dir='ltr'>five</span> <span class='ocrx_word' id='word_1_172' title='bbox 961 4357 1590 4455; x_wconf 80' lang='lat' dir='ltr'>latitudinem,fireprosunditatem,</span> <span class='ocrx_word' id='word_1_173' title='bbox 1598 4360 1813 4457; x_wconf 84' lang='lat' dir='ltr'>plerumque</span> <span class='ocrx_word' id='word_1_174' title='bbox 1823 4358 1944 4431; x_wconf 82' lang='lat' dir='ltr'>saltem</span> <span class='ocrx_word' id='word_1_175' title='bbox 1956 4361 2188 4457; x_wconf 68' lang='lat' dir='ltr'>adaequent,</span> 
     </span>
     <span class='ocr_line' id='line_1_22' title="bbox 549 4492 2180 4597; baseline -0.001 -23"><span class='ocrx_word' id='word_1_176' title='bbox 549 4522 773 4597; x_wconf 81' lang='lat' dir='ltr'>corporaque</span> <span class='ocrx_word' id='word_1_177' title='bbox 789 4496 877 4570; x_wconf 88' lang='lat' dir='ltr'>dsnt</span> <span class='ocrx_word' id='word_1_178' title='bbox 893 4492 1088 4583; x_wconf 69' lang='lat' dir='ltr'>bexasdra,</span> <span class='ocrx_word' id='word_1_179' title='bbox 1104 4500 1244 4594; x_wconf 89' lang='lat' dir='ltr'>angulis</span> <span class='ocrx_word' id='word_1_180' title='bbox 1262 4512 1347 4571; x_wconf 91' lang='lat' dir='ltr'>octo</span> <span class='ocrx_word' id='word_1_181' title='bbox 1364 4500 1468 4571; x_wconf 89' lang='lat' dir='ltr'>rectis</span> <span class='ocrx_word' id='word_1_182' title='bbox 1484 4499 1693 4595; x_wconf 68' lang='lat' dir='ltr'>exiguisque</span> <span class='ocrx_word' id='word_1_183' title='bbox 1711 4496 1893 4595; x_wconf 75' lang='lat' dir='ltr'>quadratis</span> <span class='ocrx_word' id='word_1_184' title='bbox 1903 4498 2045 4569; x_wconf 90' lang='lat' dir='ltr'>duobus</span> <span class='ocrx_word' id='word_1_185' title='bbox 2059 4522 2180 4595; x_wconf 88' lang='lat' dir='ltr'>oppo-</span> 
     </span>
     <span class='ocr_line' id='line_1_23' title="bbox 552 4632 2179 4735; baseline -0.001 -22"><span class='ocrx_word' id='word_1_186' title='bbox 552 4642 620 4713; x_wconf 88' lang='lat' dir='ltr'>litis</span> <span class='ocrx_word' id='word_1_187' title='bbox 636 4632 866 4732; x_wconf 74' lang='lat' dir='ltr'>aequalibus,</span> <span class='ocrx_word' id='word_1_188' title='bbox 889 4650 927 4708; x_wconf 90' lang='lat' dir='ltr'>et</span> <span class='ocrx_word' id='word_1_189' title='bbox 944 4650 1099 4732; x_wconf 84' lang='lat' dir='ltr'>quatuor</span> <span class='ocrx_word' id='word_1_190' title='bbox 1114 4638 1207 4709; x_wconf 87' lang='lat' dir='ltr'>inter</span> <span class='ocrx_word' id='word_1_191' title='bbox 1219 4634 1254 4707; x_wconf 87' lang='lat' dir='ltr'>se</span> <span class='ocrx_word' id='word_1_192' title='bbox 1270 4635 1391 4709; x_wconf 89' lang='lat' dir='ltr'>denuo</span> <span class='ocrx_word' id='word_1_193' title='bbox 1410 4634 1620 4734; x_wconf 85' lang='lat' dir='ltr'>aequalibus</span> <span class='ocrx_word' id='word_1_194' title='bbox 1641 4636 1809 4735; x_wconf 86' lang='lat' dir='ltr'>oblongis</span> <span class='ocrx_word' id='word_1_195' title='bbox 1830 4636 2179 4735; x_wconf 81' lang='lat' dir='ltr'>parallelogrammis</span> 
     </span>
     <span class='ocr_line' id='line_1_24' title="bbox 548 4770 817 4873; baseline -0.022 -22"><span class='ocrx_word' id='word_1_196' title='bbox 548 4770 817 4873; x_wconf 67' lang='lat' dir='ltr'>comprehcnh.</span> 
     </span>
    </p>
   </div>
   <div class='ocr_carea' id='block_1_9' title="bbox 555 5048 2181 5291">
    <p class='ocr_par' dir='ltr' id='par_1_9' title="bbox 555 5048 2181 5291">
     <span class='ocr_line' id='line_1_25' title="bbox 602 5048 2181 5149; baseline 0 -24"><span class='ocrx_word' id='word_1_197' title='bbox 602 5052 757 5147; x_wconf 81' lang='lat' dir='ltr'>Reliqua</span> <span class='ocrx_word' id='word_1_198' title='bbox 778 5072 825 5123; x_wconf 82' lang='lat' dir='ltr'>ex</span> <span class='ocrx_word' id='word_1_199' title='bbox 849 5048 944 5123; x_wconf 84' lang='lat' dir='ltr'>datis</span> <span class='ocrx_word' id='word_1_200' title='bbox 972 5052 1007 5122; x_wconf 92' lang='lat' dir='ltr'>in</span> <span class='ocrx_word' id='word_1_201' title='bbox 1032 5048 1281 5148; x_wconf 84' lang='lat' dir='ltr'>speciminibus</span> <span class='ocrx_word' id='word_1_202' title='bbox 1309 5050 1544 5149; x_wconf 85' lang='lat' dir='ltr'>superioribus</span> <span class='ocrx_word' id='word_1_203' title='bbox 1573 5052 1867 5149; x_wconf 85' lang='lat' dir='ltr'>descriptionibus</span> <span class='ocrx_word' id='word_1_204' title='bbox 1888 5066 2035 5149; x_wconf 86' lang='lat' dir='ltr'>patent,</span> <span class='ocrx_word' id='word_1_205' title='bbox 2063 5074 2181 5149; x_wconf 86' lang='lat' dir='ltr'>neque</span> 
     </span>
     <span class='ocr_line' id='line_1_26' title="bbox 555 5188 2179 5291; baseline -0.004 -24"><span class='ocrx_word' id='word_1_206' title='bbox 555 5214 648 5289; x_wconf 84' lang='lat' dir='ltr'>opus</span> <span class='ocrx_word' id='word_1_207' title='bbox 663 5192 774 5262; x_wconf 85' lang='lat' dir='ltr'>ctiam</span> <span class='ocrx_word' id='word_1_208' title='bbox 792 5188 840 5263; x_wconf 81' lang='lat' dir='ltr'>esi</span> <span class='ocrx_word' id='word_1_209' title='bbox 857 5214 1164 5277; x_wconf 87' lang='lat' dir='ltr'>commemorare,</span> <span class='ocrx_word' id='word_1_210' title='bbox 1189 5194 1336 5263; x_wconf 88' lang='lat' dir='ltr'>maculis</span> <span class='ocrx_word' id='word_1_211' title='bbox 1353 5194 1579 5291; x_wconf 85' lang='lat' dir='ltr'>magneliacis</span> <span class='ocrx_word' id='word_1_212' title='bbox 1597 5194 1804 5265; x_wconf 86' lang='lat' dir='ltr'>ailcroidico</span> <span class='ocrx_word' id='word_1_213' title='bbox 1815 5234 1828 5251; x_wconf 90' lang='lat'><strong>·</strong></span> <span class='ocrx_word' id='word_1_214' title='bbox 1839 5192 2042 5265; x_wconf 86' lang='lat' dir='ltr'>dendritisis</span> <span class='ocrx_word' id='word_1_215' title='bbox 2066 5192 2179 5261; x_wconf 79' lang='lat' dir='ltr'>estes·</span> 
     </span>
    </p>
   </div>
   <div class='ocr_carea' id='block_1_10' title="bbox 557 5327 2235 5441">
    <p class='ocr_par' dir='ltr' id='par_1_10' title="bbox 557 5327 2235 5441">
     <span class='ocr_line' id='line_1_27' title="bbox 557 5327 2235 5441; baseline -0.004 -36"><span class='ocrx_word' id='word_1_216' title='bbox 557 5352 656 5405; x_wconf 80' lang='lat' dir='ltr'>ream</span> <span class='ocrx_word' id='word_1_217' title='bbox 678 5342 832 5403; x_wconf 74' lang='lat' dir='ltr'>matrem</span> <span class='ocrx_word' id='word_1_218' title='bbox 851 5344 1016 5401; x_wconf 84' lang='lat' dir='ltr'>ornatam</span> <span class='ocrx_word' id='word_1_219' title='bbox 1034 5327 1114 5403; x_wconf 86' lang='lat' dir='ltr'>elle.</span> <span class='ocrx_word' id='word_1_220' title='bbox 1148 5329 1191 5403; x_wconf 88' lang='lat' dir='ltr'>ld</span> <span class='ocrx_word' id='word_1_221' title='bbox 1208 5330 1323 5405; x_wconf 86' lang='lat' dir='ltr'>solum</span> <span class='ocrx_word' id='word_1_222' title='bbox 1341 5328 1437 5403; x_wconf 81' lang='lat' dir='ltr'>haud</span> <span class='ocrx_word' id='word_1_223' title='bbox 1458 5354 1640 5431; x_wconf 84' lang='lat' dir='ltr'>qusquam</span> <span class='ocrx_word' id='word_1_224' title='bbox 1661 5332 1797 5405; x_wconf 88' lang='lat' dir='ltr'>lilcntio</span> <span class='ocrx_word' id='word_1_225' title='bbox 1815 5330 2108 5429; x_wconf 88' lang='lat' dir='ltr'>praeteribimus,</span> <span class='ocrx_word' id='word_1_226' title='bbox 2126 5330 2177 5399; x_wconf 89' lang='lat' dir='ltr'>io·</span> <span class='ocrx_word' id='word_1_227' title='bbox 2206 5391 2235 5441; x_wconf 65' lang='lat'><strong>‚</strong></span> 
     </span>
    </p>
   </div>
   <div class='ocr_carea' id='block_1_11' title="bbox 0 0 2625 6609">
    <p class='ocr_par' dir='ltr' id='par_1_11' title="bbox 0 0 2625 6609">
     <span class='ocr_line' id='line_1_28' title="bbox 0 0 2625 6609; baseline 0 0"><span class='ocrx_word' id='word_1_228' title='bbox 0 0 2625 6609; x_wconf 95' lang='lat' dir='ltr'> </span> 
     </span>
    </p>
   </div>
  </div>
 </body>
</html>
