<?xml version="1.0" encoding="UTF-8"?>
<!DOCTYPE html PUBLIC "-//W3C//DTD XHTML 1.0 Transitional//EN"
    "http://www.w3.org/TR/xhtml1/DTD/xhtml1-transitional.dtd">
<html xmlns="http://www.w3.org/1999/xhtml" xml:lang="en" lang="en">
 <head>
  <title>
</title>
<meta http-equiv="Content-Type" content="text/html;charset=utf-8" />
  <meta name='ocr-system' content='tesseract 3.04.00' />
  <meta name='ocr-capabilities' content='ocr_page ocr_carea ocr_par ocr_line ocrx_word'/>
</head>
<body>
  <div class='ocr_page' id='page_1' title='image "./xaveriiwulfende00eyergoog_0066.png"; bbox 0 0 5209 6609; ppageno 0'>
   <div class='ocr_carea' id='block_1_1' title="bbox 547 823 1567 920">
    <p class='ocr_par' dir='ltr' id='par_1_1' title="bbox 547 823 1567 920">
     <span class='ocr_line' id='line_1_1' title="bbox 547 823 1567 920; baseline -0.017 -12"><span class='ocrx_word' id='word_1_1' title='bbox 547 833 599 920; x_wconf 82' lang='lat'>64</span> <span class='ocrx_word' id='word_1_2' title='bbox 1176 823 1567 906; x_wconf 43' lang='lat' dir='ltr'>:a</span> 
     </span>
    </p>
   </div>
   <div class='ocr_carea' id='block_1_2' title="bbox 543 1039 2183 1142">
    <p class='ocr_par' dir='ltr' id='par_1_2' title="bbox 543 1039 2183 1142">
     <span class='ocr_line' id='line_1_2' title="bbox 543 1039 2183 1142; baseline 0.001 -28"><span class='ocrx_word' id='word_1_3' title='bbox 543 1039 650 1140; x_wconf 87' lang='lat' dir='ltr'>quid)</span> <span class='ocrx_word' id='word_1_4' title='bbox 673 1063 784 1139; x_wconf 87' lang='lat' dir='ltr'>quam</span> <span class='ocrx_word' id='word_1_5' title='bbox 801 1041 849 1116; x_wconf 85' lang='lat' dir='ltr'>ab</span> <span class='ocrx_word' id='word_1_6' title='bbox 866 1044 958 1116; x_wconf 79' lang='lat' dir='ltr'>aeris</span> <span class='ocrx_word' id='word_1_7' title='bbox 978 1042 1274 1118; x_wconf 81' lang='lat' dir='ltr'>vicissitudinibus</span> <span class='ocrx_word' id='word_1_8' title='bbox 1293 1044 1387 1116; x_wconf 88' lang='lat' dir='ltr'>etin</span> <span class='ocrx_word' id='word_1_9' title='bbox 1407 1043 1599 1116; x_wconf 90' lang='lat' dir='ltr'>clementia</span> <span class='ocrx_word' id='word_1_10' title='bbox 1619 1043 1711 1135; x_wconf 89' lang='lat' dir='ltr'>loci,</span> <span class='ocrx_word' id='word_1_11' title='bbox 1738 1043 1961 1142; x_wconf 84' lang='lat' dir='ltr'>perennique</span> <span class='ocrx_word' id='word_1_12' title='bbox 1987 1045 2024 1116; x_wconf 87' lang='lat' dir='ltr'>in</span> <span class='ocrx_word' id='word_1_13' title='bbox 2046 1041 2183 1118; x_wconf 85' lang='lat' dir='ltr'>subter·</span> 
     </span>
    </p>
   </div>
   <div class='ocr_carea' id='block_1_3' title="bbox 424 1186 2185 1290">
    <p class='ocr_par' dir='ltr' id='par_1_3' title="bbox 424 1186 2185 1290">
     <span class='ocr_line' id='line_1_3' title="bbox 424 1186 2185 1290; baseline 0.002 -33"><span class='ocrx_word' id='word_1_14' title='bbox 424 1199 429 1206; x_wconf 82' lang='grc'><strong><em>’</em></strong></span> <span class='ocrx_word' id='word_1_15' title='bbox 544 1189 661 1258; x_wconf 84' lang='lat' dir='ltr'>rancis</span> <span class='ocrx_word' id='word_1_16' title='bbox 686 1189 849 1259; x_wconf 85' lang='lat' dir='ltr'>cavernis</span> <span class='ocrx_word' id='word_1_17' title='bbox 869 1189 1064 1290; x_wconf 28' lang='lat' dir='ltr'>&#39;metallica</span> <span class='ocrx_word' id='word_1_18' title='bbox 1096 1189 1328 1263; x_wconf 80' lang='lat' dir='ltr'>exhalatione</span> <span class='ocrx_word' id='word_1_19' title='bbox 1355 1187 1595 1285; x_wconf 82' lang='lat' dir='ltr'>repetendum</span> <span class='ocrx_word' id='word_1_20' title='bbox 1623 1186 1713 1278; x_wconf 85' lang='lat' dir='ltr'>esse,</span> <span class='ocrx_word' id='word_1_21' title='bbox 1743 1203 1780 1264; x_wconf 90' lang='lat' dir='ltr'>et</span> <span class='ocrx_word' id='word_1_22' title='bbox 1801 1186 2022 1262; x_wconf 80' lang='lat' dir='ltr'>fatiscentiae</span> <span class='ocrx_word' id='word_1_23' title='bbox 2055 1211 2185 1260; x_wconf 80' lang='lat' dir='ltr'>eamn·</span> 
     </span>
    </p>
   </div>
   <div class='ocr_carea' id='block_1_4' title="bbox 541 1327 2256 2157">
    <p class='ocr_par' dir='ltr' id='par_1_4' title="bbox 541 1327 2256 2157">
     <span class='ocr_line' id='line_1_4' title="bbox 544 1327 2186 1432; baseline 0.002 -30"><span class='ocrx_word' id='word_1_24' title='bbox 544 1331 654 1414; x_wconf 85' lang='lat' dir='ltr'>dem,</span> <span class='ocrx_word' id='word_1_25' title='bbox 675 1332 889 1429; x_wconf 84' lang='lat' dir='ltr'>futuraeque</span> <span class='ocrx_word' id='word_1_26' title='bbox 905 1332 1149 1408; x_wconf 83' lang='lat' dir='ltr'>dellmctionis</span> <span class='ocrx_word' id='word_1_27' title='bbox 1171 1337 1294 1409; x_wconf 86' lang='lat' dir='ltr'>totalis</span> <span class='ocrx_word' id='word_1_28' title='bbox 1314 1327 1631 1406; x_wconf 75' lang='lat' dir='ltr'>manilellill&#39;rmum</span> <span class='ocrx_word' id='word_1_29' title='bbox 1646 1329 1714 1404; x_wconf 86' lang='lat' dir='ltr'>elle</span> <span class='ocrx_word' id='word_1_30' title='bbox 1729 1333 1995 1432; x_wconf 76' lang='lat' dir='ltr'>prognosticon.</span> <span class='ocrx_word' id='word_1_31' title='bbox 2015 1329 2186 1406; x_wconf 83' lang='lat' dir='ltr'>Pollideo</span> 
     </span>
     <span class='ocr_line' id='line_1_5' title="bbox 541 1471 2256 1579; baseline 0.002 -32"><span class='ocrx_word' id='word_1_32' title='bbox 541 1473 625 1548; x_wconf 84' lang='lat' dir='ltr'>sane</span> <span class='ocrx_word' id='word_1_33' title='bbox 648 1491 688 1548; x_wconf 89' lang='lat' dir='ltr'>et</span> <span class='ocrx_word' id='word_1_34' title='bbox 708 1476 807 1550; x_wconf 85' lang='lat' dir='ltr'>aliud</span> <span class='ocrx_word' id='word_1_35' title='bbox 828 1471 1031 1573; x_wconf 83' lang='lat' dir='ltr'>specimen,</span> <span class='ocrx_word' id='word_1_36' title='bbox 1055 1482 1188 1579; x_wconf 89' lang='lat' dir='ltr'>inquo</span> <span class='ocrx_word' id='word_1_37' title='bbox 1211 1478 1404 1552; x_wconf 84' lang='lat' dir='ltr'>inchoatae</span> <span class='ocrx_word' id='word_1_38' title='bbox 1424 1477 1529 1570; x_wconf 89' lang='lat' dir='ltr'>hujus</span> <span class='ocrx_word' id='word_1_39' title='bbox 1555 1475 1797 1550; x_wconf 76' lang='lat' dir='ltr'>destructionis</span> <span class='ocrx_word' id='word_1_40' title='bbox 1820 1477 1931 1574; x_wconf 88' lang='lat' dir='ltr'>longe</span> <span class='ocrx_word' id='word_1_41' title='bbox 1953 1475 2186 1550; x_wconf 83' lang='lat' dir='ltr'>evidentiora</span> <span class='ocrx_word' id='word_1_42' title='bbox 2251 1472 2256 1480; x_wconf 80' lang='grc'><strong>’</strong></span> 
     </span>
     <span class='ocr_line' id='line_1_6' title="bbox 544 1618 2184 1721; baseline 0.001 -29"><span class='ocrx_word' id='word_1_43' title='bbox 544 1624 638 1692; x_wconf 86' lang='lat' dir='ltr'>cerui</span> <span class='ocrx_word' id='word_1_44' title='bbox 663 1618 809 1717; x_wconf 90' lang='lat' dir='ltr'>poll&#39;unt</span> <span class='ocrx_word' id='word_1_45' title='bbox 840 1622 1001 1721; x_wconf 81' lang='lat' dir='ltr'>vestigia.</span> <span class='ocrx_word' id='word_1_46' title='bbox 1027 1622 1216 1697; x_wconf 89' lang='lat' dir='ltr'>Lamellae</span> <span class='ocrx_word' id='word_1_47' title='bbox 1233 1627 1284 1696; x_wconf 84' lang='lat' dir='ltr'>in</span> <span class='ocrx_word' id='word_1_48' title='bbox 1313 1648 1359 1699; x_wconf 89' lang='lat' dir='ltr'>eo</span> <span class='ocrx_word' id='word_1_49' title='bbox 1388 1623 1585 1721; x_wconf 82' lang='lat' dir='ltr'>quadratae</span> <span class='ocrx_word' id='word_1_50' title='bbox 1608 1621 1991 1720; x_wconf 85' lang='lat' dir='ltr'>parallelogrammicis</span> <span class='ocrx_word' id='word_1_51' title='bbox 2019 1623 2184 1708; x_wconf 81' lang='lat' dir='ltr'>mixtae,</span> 
     </span>
     <span class='ocr_line' id='line_1_7' title="bbox 543 1764 2178 1867; baseline 0 -31"><span class='ocrx_word' id='word_1_52' title='bbox 543 1765 636 1837; x_wconf 87' lang='lat' dir='ltr'>aliae</span> <span class='ocrx_word' id='word_1_53' title='bbox 662 1766 741 1837; x_wconf 91' lang='lat' dir='ltr'>aliis</span> <span class='ocrx_word' id='word_1_54' title='bbox 761 1768 936 1864; x_wconf 76' lang='lat' dir='ltr'>nigriores</span> <span class='ocrx_word' id='word_1_55' title='bbox 958 1765 1059 1858; x_wconf 87' lang='lat' dir='ltr'>sunt,</span> <span class='ocrx_word' id='word_1_56' title='bbox 1082 1769 1264 1867; x_wconf 86' lang='lat' dir='ltr'>quaedam</span> <span class='ocrx_word' id='word_1_57' title='bbox 1282 1767 1430 1842; x_wconf 84' lang='lat' dir='ltr'>obscure</span> <span class='ocrx_word' id='word_1_58' title='bbox 1451 1768 1648 1854; x_wconf 83' lang='lat' dir='ltr'>flaventes,</span> <span class='ocrx_word' id='word_1_59' title='bbox 1684 1765 1744 1840; x_wconf 87' lang='lat' dir='ltr'>sed</span> <span class='ocrx_word' id='word_1_60' title='bbox 1762 1764 1878 1840; x_wconf 89' lang='lat' dir='ltr'>balitu</span> <span class='ocrx_word' id='word_1_61' title='bbox 1893 1765 2048 1840; x_wconf 83' lang='lat' dir='ltr'>iumove</span> <span class='ocrx_word' id='word_1_62' title='bbox 2070 1767 2178 1862; x_wconf 87' lang='lat' dir='ltr'>nigro</span> 
     </span>
     <span class='ocr_line' id='line_1_8' title="bbox 544 1907 2183 2006; baseline 0 -26"><span class='ocrx_word' id='word_1_63' title='bbox 544 1909 690 1982; x_wconf 80' lang='lat' dir='ltr'>afflatae</span> <span class='ocrx_word' id='word_1_64' title='bbox 701 1935 714 1994; x_wconf 91' lang='lat'>;</span> <span class='ocrx_word' id='word_1_65' title='bbox 736 1913 933 1984; x_wconf 87' lang='lat' dir='ltr'>nonnullae</span> <span class='ocrx_word' id='word_1_66' title='bbox 964 1911 1207 1988; x_wconf 84' lang='lat' dir='ltr'>anthraciuae.</span> <span class='ocrx_word' id='word_1_67' title='bbox 1245 1913 1369 1988; x_wconf 89' lang='lat' dir='ltr'>Etiam</span> <span class='ocrx_word' id='word_1_68' title='bbox 1395 1917 1488 1988; x_wconf 89' lang='lat' dir='ltr'>iuter</span> <span class='ocrx_word' id='word_1_69' title='bbox 1510 1912 1719 1985; x_wconf 87' lang='lat' dir='ltr'>tenerrimas</span> <span class='ocrx_word' id='word_1_70' title='bbox 1744 1908 1887 2006; x_wconf 86' lang='lat' dir='ltr'>plumbi</span> <span class='ocrx_word' id='word_1_71' title='bbox 1909 1908 2038 2006; x_wconf 84' lang='lat' dir='ltr'>spatosr</span> <span class='ocrx_word' id='word_1_72' title='bbox 2063 1907 2183 1982; x_wconf 83' lang='lat' dir='ltr'>flavas</span> 
     </span>
     <span class='ocr_line' id='line_1_9' title="bbox 543 2049 2182 2157; baseline -0.002 -32"><span class='ocrx_word' id='word_1_73' title='bbox 543 2053 736 2150; x_wconf 89' lang='lat' dir='ltr'>quadratas</span> <span class='ocrx_word' id='word_1_74' title='bbox 748 2055 912 2128; x_wconf 85' lang='lat' dir='ltr'>lamellas</span> <span class='ocrx_word' id='word_1_75' title='bbox 921 2081 967 2129; x_wconf 82' lang='lat' dir='ltr'>ex</span> <span class='ocrx_word' id='word_1_76' title='bbox 975 2057 1109 2138; x_wconf 79' lang='lat' dir='ltr'>fodinis</span> <span class='ocrx_word' id='word_1_77' title='bbox 1121 2062 1256 2132; x_wconf 89' lang='lat' dir='ltr'>montis</span> <span class='ocrx_word' id='word_1_78' title='bbox 1266 2062 1354 2157; x_wconf 88' lang='lat' dir='ltr'>regii</span> <span class='ocrx_word' id='word_1_79' title='bbox 1372 2061 1408 2130; x_wconf 91' lang='lat' dir='ltr'>in</span> <span class='ocrx_word' id='word_1_80' title='bbox 1421 2049 1526 2132; x_wconf 82' lang='lat' dir='ltr'>Rabl</span> <span class='ocrx_word' id='word_1_81' title='bbox 1531 2079 1589 2127; x_wconf 89' lang='lat' dir='ltr'>me</span> <span class='ocrx_word' id='word_1_82' title='bbox 1602 2052 1727 2127; x_wconf 85' lang='lat' dir='ltr'>vidisse</span> <span class='ocrx_word' id='word_1_83' title='bbox 1738 2056 1887 2128; x_wconf 89' lang='lat' dir='ltr'>memini</span> <span class='ocrx_word' id='word_1_84' title='bbox 1897 2056 2042 2151; x_wconf 87' lang='lat' dir='ltr'>penitus</span> <span class='ocrx_word' id='word_1_85' title='bbox 2050 2054 2182 2150; x_wconf 88' lang='lat' dir='ltr'>nigras.</span> 
     </span>
    </p>
   </div>
   <div class='ocr_carea' id='block_1_5' title="bbox 1232 2331 1491 2448">
    <p class='ocr_par' dir='ltr' id='par_1_5' title="bbox 1232 2331 1491 2448">
     <span class='ocr_line' id='line_1_10' title="bbox 1232 2331 1491 2448; baseline -0.015 0"><span class='ocrx_word' id='word_1_86' title='bbox 1232 2331 1491 2448; x_wconf 87' lang='lat' dir='ltr'>XXXIV.</span> 
     </span>
    </p>
   </div>
   <div class='ocr_carea' id='block_1_6' title="bbox 471 2593 2185 2999">
    <p class='ocr_par' dir='ltr' id='par_1_6' title="bbox 471 2593 2185 2999">
     <span class='ocr_line' id='line_1_11' title="bbox 471 2593 2185 2815; baseline -0.002 -40"><span class='ocrx_word' id='word_1_87' title='bbox 471 2755 477 2766; x_wconf 94' lang='lat'>.</span> <span class='ocrx_word' id='word_1_88' title='bbox 543 2669 1107 2814; x_wconf 76' lang='lat' dir='ltr'>Plumbumspatosum</span> <span class='ocrx_word' id='word_1_89' title='bbox 1136 2668 1749 2815; x_wconf 58' lang='lat' dir='ltr'>offlam-aurantiacum</span> <span class='ocrx_word' id='word_1_90' title='bbox 1781 2593 2185 2810; x_wconf 66' lang='lat' dir='ltr'>crystallffatum,</span> 
     </span>
     <span class='ocr_line' id='line_1_12' title="bbox 690 2853 2089 2999; baseline 0 -39"><span class='ocrx_word' id='word_1_91' title='bbox 690 2859 936 2998; x_wconf 67' lang='lat' dir='ltr'>crystallis</span> <span class='ocrx_word' id='word_1_92' title='bbox 952 2859 1247 2963; x_wconf 83' lang='lat' dir='ltr'>inordinate</span> <span class='ocrx_word' id='word_1_93' title='bbox 1254 2853 1527 2999; x_wconf 66' lang='lat' dir='ltr'>polye&#39;drts.</span> <span class='ocrx_word' id='word_1_94' title='bbox 1560 2855 1691 2962; x_wconf 75' lang='lat' dir='ltr'>Tau.</span> <span class='ocrx_word' id='word_1_95' title='bbox 1712 2853 1841 2960; x_wconf 75' lang='grc' dir='ltr'>ΧΠ</span> <span class='ocrx_word' id='word_1_96' title='bbox 1865 2855 1980 2998; x_wconf 83' lang='lat' dir='ltr'>Fig.</span> <span class='ocrx_word' id='word_1_97' title='bbox 2001 2889 2089 2994; x_wconf 87' lang='lat'>30.</span> 
     </span>
    </p>
   </div>
   <div class='ocr_carea' id='block_1_7' title="bbox 596 3181 991 3290">
    <p class='ocr_par' dir='ltr' id='par_1_7' title="bbox 596 3181 991 3290">
     <span class='ocr_line' id='line_1_13' title="bbox 596 3181 991 3290; baseline 0.005 -31"><span class='ocrx_word' id='word_1_98' title='bbox 596 3181 664 3261; x_wconf 78' lang='lat' dir='ltr'>Ex</span> <span class='ocrx_word' id='word_1_99' title='bbox 684 3184 821 3261; x_wconf 85' lang='lat' dir='ltr'>eadem</span> <span class='ocrx_word' id='word_1_100' title='bbox 830 3181 991 3290; x_wconf 83' lang='lat' dir='ltr'>sodinu.</span> 
     </span>
    </p>
   </div>
   <div class='ocr_carea' id='block_1_8' title="bbox 544 3425 2193 5310">
    <p class='ocr_par' dir='ltr' id='par_1_8' title="bbox 544 3425 2193 5310">
     <span class='ocr_line' id='line_1_14' title="bbox 551 3425 2192 3574; baseline 0.004 -28"><span class='ocrx_word' id='word_1_101' title='bbox 551 3425 643 3554; x_wconf 76' lang='lat' dir='ltr'>Tot</span> <span class='ocrx_word' id='word_1_102' title='bbox 671 3475 814 3571; x_wconf 90' lang='lat' dir='ltr'>plumbi</span> <span class='ocrx_word' id='word_1_103' title='bbox 848 3475 976 3572; x_wconf 87' lang='lat' dir='ltr'>spatoli</span> <span class='ocrx_word' id='word_1_104' title='bbox 1004 3475 1095 3548; x_wconf 85' lang='lat' dir='ltr'>flavi</span> <span class='ocrx_word' id='word_1_105' title='bbox 1122 3477 1314 3574; x_wconf 84' lang='lat' dir='ltr'>propositis</span> <span class='ocrx_word' id='word_1_106' title='bbox 1346 3473 1606 3562; x_wconf 86' lang='lat' dir='ltr'>varietatibus,</span> <span class='ocrx_word' id='word_1_107' title='bbox 1638 3497 1790 3572; x_wconf 85' lang='lat' dir='ltr'>quarum</span> <span class='ocrx_word' id='word_1_108' title='bbox 1824 3475 1993 3550; x_wconf 87' lang='lat' dir='ltr'>lamellae</span> <span class='ocrx_word' id='word_1_109' title='bbox 2025 3477 2192 3573; x_wconf 76' lang='lat' dir='ltr'>crystalli·</span> 
     </span>
     <span class='ocr_line' id='line_1_15' title="bbox 552 3581 2193 3719; baseline 0.004 -29"><span class='ocrx_word' id='word_1_110' title='bbox 552 3642 623 3715; x_wconf 93' lang='lat' dir='ltr'>que</span> <span class='ocrx_word' id='word_1_111' title='bbox 652 3635 752 3691; x_wconf 87' lang='lat' dir='ltr'>certo</span> <span class='ocrx_word' id='word_1_112' title='bbox 781 3621 963 3704; x_wconf 87' lang='lat' dir='ltr'>laterum,</span> <span class='ocrx_word' id='word_1_113' title='bbox 1001 3637 1099 3694; x_wconf 88' lang='lat' dir='ltr'>certo</span> <span class='ocrx_word' id='word_1_114' title='bbox 1132 3621 1260 3692; x_wconf 89' lang='lat' dir='ltr'>itidem</span> <span class='ocrx_word' id='word_1_115' title='bbox 1294 3620 1510 3717; x_wconf 84' lang='lat' dir='ltr'>angulorum</span> <span class='ocrx_word' id='word_1_116' title='bbox 1539 3643 1721 3708; x_wconf 87' lang='lat' dir='ltr'>nurnero,</span> <span class='ocrx_word' id='word_1_117' title='bbox 1753 3581 1979 3719; x_wconf 84' lang='lat' dir='ltr'>regularique</span> <span class='ocrx_word' id='word_1_118' title='bbox 2002 3643 2193 3718; x_wconf 85' lang='lat' dir='ltr'>praeterea</span> 
     </span>
     <span class='ocr_line' id='line_1_16' title="bbox 544 3762 2188 3862; baseline 0.004 -28"><span class='ocrx_word' id='word_1_119' title='bbox 544 3764 804 3860; x_wconf 86' lang='lat' dir='ltr'>mineralogica</span> <span class='ocrx_word' id='word_1_120' title='bbox 840 3767 994 3862; x_wconf 85' lang='lat' dir='ltr'>potius,</span> <span class='ocrx_word' id='word_1_121' title='bbox 1023 3789 1136 3862; x_wconf 90' lang='lat' dir='ltr'>quam</span> <span class='ocrx_word' id='word_1_122' title='bbox 1172 3763 1431 3844; x_wconf 84' lang='lat' dir='ltr'>mathematica</span> <span class='ocrx_word' id='word_1_123' title='bbox 1469 3787 1633 3836; x_wconf 88' lang='lat' dir='ltr'>arearum</span> <span class='ocrx_word' id='word_1_124' title='bbox 1674 3766 1711 3836; x_wconf 85' lang='lat' dir='ltr'>in</span> <span class='ocrx_word' id='word_1_125' title='bbox 1739 3764 1892 3862; x_wconf 85' lang='lat' dir='ltr'>angulos</span> <span class='ocrx_word' id='word_1_126' title='bbox 1928 3762 2064 3840; x_wconf 88' lang='lat' dir='ltr'>solidos</span> <span class='ocrx_word' id='word_1_127' title='bbox 2104 3789 2188 3840; x_wconf 87' lang='lat' dir='ltr'>eon·</span> 
     </span>
     <span class='ocr_line' id='line_1_17' title="bbox 550 3907 2190 4008; baseline 0.004 -30"><span class='ocrx_word' id='word_1_128' title='bbox 550 3910 766 3981; x_wconf 87' lang='lat' dir='ltr'>currentium</span> <span class='ocrx_word' id='word_1_129' title='bbox 790 3907 903 4006; x_wconf 78' lang='lat' dir='ltr'>figura</span> <span class='ocrx_word' id='word_1_130' title='bbox 923 3909 1110 4003; x_wconf 87' lang='lat' dir='ltr'>praeditae</span> <span class='ocrx_word' id='word_1_131' title='bbox 1128 3907 1225 3999; x_wconf 87' lang='lat' dir='ltr'>sunt,</span> <span class='ocrx_word' id='word_1_132' title='bbox 1246 3916 1396 4008; x_wconf 85' lang='lat' dir='ltr'>jungere</span> <span class='ocrx_word' id='word_1_133' title='bbox 1426 3913 1537 3984; x_wconf 89' lang='lat' dir='ltr'>etiarn</span> <span class='ocrx_word' id='word_1_134' title='bbox 1559 3907 1675 3980; x_wconf 86' lang='lat' dir='ltr'>visum</span> <span class='ocrx_word' id='word_1_135' title='bbox 1704 3907 1751 3980; x_wconf 85' lang='lat' dir='ltr'>eil</span> <span class='ocrx_word' id='word_1_136' title='bbox 1777 3907 1958 4004; x_wconf 89' lang='lat' dir='ltr'>specimen</span> <span class='ocrx_word' id='word_1_137' title='bbox 1979 3934 1999 3982; x_wconf 93' lang='lat' dir='ltr'>e</span> <span class='ocrx_word' id='word_1_138' title='bbox 2026 3911 2190 4006; x_wconf 89' lang='lat' dir='ltr'>pluribus</span> 
     </span>
     <span class='ocr_line' id='line_1_18' title="bbox 549 4050 2189 4152; baseline 0.001 -28"><span class='ocrx_word' id='word_1_139' title='bbox 549 4074 683 4142; x_wconf 88' lang='lat' dir='ltr'>unum,</span> <span class='ocrx_word' id='word_1_140' title='bbox 703 4055 740 4124; x_wconf 88' lang='lat' dir='ltr'>iu</span> <span class='ocrx_word' id='word_1_141' title='bbox 765 4075 841 4149; x_wconf 88' lang='lat' dir='ltr'>quo</span> <span class='ocrx_word' id='word_1_142' title='bbox 868 4052 1109 4147; x_wconf 86' lang='lat' dir='ltr'>plumbiferae</span> <span class='ocrx_word' id='word_1_143' title='bbox 1136 4055 1285 4150; x_wconf 83' lang='lat' dir='ltr'>eryllalli</span> <span class='ocrx_word' id='word_1_144' title='bbox 1314 4071 1391 4128; x_wconf 90' lang='lat' dir='ltr'>utut</span> <span class='ocrx_word' id='word_1_145' title='bbox 1414 4071 1452 4128; x_wconf 90' lang='lat' dir='ltr'>et</span> <span class='ocrx_word' id='word_1_146' title='bbox 1471 4052 1566 4152; x_wconf 84' lang='lat' dir='ltr'>ipsae</span> <span class='ocrx_word' id='word_1_147' title='bbox 1589 4076 1663 4125; x_wconf 88' lang='lat' dir='ltr'>non</span> <span class='ocrx_word' id='word_1_148' title='bbox 1686 4050 1827 4149; x_wconf 90' lang='lat' dir='ltr'>prorsus</span> <span class='ocrx_word' id='word_1_149' title='bbox 1850 4051 1988 4147; x_wconf 81' lang='lat' dir='ltr'>absque</span> <span class='ocrx_word' id='word_1_150' title='bbox 2013 4058 2118 4126; x_wconf 91' lang='lat' dir='ltr'>omni</span> <span class='ocrx_word' id='word_1_151' title='bbox 2137 4078 2189 4126; x_wconf 90' lang='lat' dir='ltr'>re·</span> 
     </span>
     <span class='ocr_line' id='line_1_19' title="bbox 550 4195 2188 4295; baseline 0.001 -27"><span class='ocrx_word' id='word_1_152' title='bbox 550 4197 636 4294; x_wconf 88' lang='lat' dir='ltr'>gula</span> <span class='ocrx_word' id='word_1_153' title='bbox 665 4195 807 4284; x_wconf 83' lang='lat' dir='ltr'>iactae,</span> <span class='ocrx_word' id='word_1_154' title='bbox 837 4211 961 4268; x_wconf 89' lang='lat' dir='ltr'>tamen</span> <span class='ocrx_word' id='word_1_155' title='bbox 991 4197 1037 4268; x_wconf 85' lang='lat' dir='ltr'>ad</span> <span class='ocrx_word' id='word_1_156' title='bbox 1066 4201 1182 4295; x_wconf 86' lang='lat' dir='ltr'>magis</span> <span class='ocrx_word' id='word_1_157' title='bbox 1212 4199 1471 4274; x_wconf 86' lang='lat' dir='ltr'>determinatas</span> <span class='ocrx_word' id='word_1_158' title='bbox 1503 4201 1587 4276; x_wconf 88' lang='lat' dir='ltr'>artis</span> <span class='ocrx_word' id='word_1_159' title='bbox 1617 4198 1742 4294; x_wconf 87' lang='lat' dir='ltr'>leges,</span> <span class='ocrx_word' id='word_1_160' title='bbox 1775 4210 1885 4290; x_wconf 92' lang='lat' dir='ltr'>prout</span> <span class='ocrx_word' id='word_1_161' title='bbox 1910 4197 2188 4292; x_wconf 86' lang='lat' dir='ltr'>praecedentes,</span> 
     </span>
     <span class='ocr_line' id='line_1_20' title="bbox 550 4339 2190 4441; baseline -0.002 -25"><span class='ocrx_word' id='word_1_162' title='bbox 550 4340 758 4416; x_wconf 86' lang='lat' dir='ltr'>elaboratae</span> <span class='ocrx_word' id='word_1_163' title='bbox 782 4343 934 4414; x_wconf 89' lang='lat' dir='ltr'>minime</span> <span class='ocrx_word' id='word_1_164' title='bbox 963 4339 1053 4414; x_wconf 87' lang='lat' dir='ltr'>sunt.</span> <span class='ocrx_word' id='word_1_165' title='bbox 1086 4339 1192 4416; x_wconf 85' lang='lat' dir='ltr'>Certe</span> <span class='ocrx_word' id='word_1_166' title='bbox 1212 4340 1272 4414; x_wconf 88' lang='lat' dir='ltr'>bic</span> <span class='ocrx_word' id='word_1_167' title='bbox 1294 4343 1357 4441; x_wconf 87' lang='lat' dir='ltr'>fig.</span> <span class='ocrx_word' id='word_1_168' title='bbox 1376 4365 1442 4438; x_wconf 77' lang='lat'>3⁰·</span> <span class='ocrx_word' id='word_1_169' title='bbox 1460 4340 1565 4439; x_wconf 88' lang='lat' dir='ltr'>super</span> <span class='ocrx_word' id='word_1_170' title='bbox 1581 4341 1714 4416; x_wconf 92' lang='lat' dir='ltr'>eodem</span> <span class='ocrx_word' id='word_1_171' title='bbox 1737 4340 1897 4412; x_wconf 84' lang='lat' dir='ltr'>calcareo</span> <span class='ocrx_word' id='word_1_172' title='bbox 1922 4339 2045 4436; x_wconf 88' lang='lat' dir='ltr'>lapide</span> <span class='ocrx_word' id='word_1_173' title='bbox 2064 4365 2190 4440; x_wconf 87' lang='lat' dir='ltr'>marga</span> 
     </span>
     <span class='ocr_line' id='line_1_21' title="bbox 550 4484 2190 4604; baseline -0.001 -42"><span class='ocrx_word' id='word_1_174' title='bbox 550 4486 697 4564; x_wconf 86' lang='lat' dir='ltr'>obscure</span> <span class='ocrx_word' id='word_1_175' title='bbox 727 4487 932 4560; x_wconf 86' lang='lat' dir='ltr'>aurantiaca</span> <span class='ocrx_word' id='word_1_176' title='bbox 956 4484 1137 4576; x_wconf 89' lang='lat' dir='ltr'>obducto,</span> <span class='ocrx_word' id='word_1_177' title='bbox 1173 4512 1285 4585; x_wconf 88' lang='lat' dir='ltr'>grana</span> <span class='ocrx_word' id='word_1_178' title='bbox 1303 4489 1446 4588; x_wconf 89' lang='lat' dir='ltr'>plumbi</span> <span class='ocrx_word' id='word_1_179' title='bbox 1464 4486 1588 4584; x_wconf 87' lang='lat' dir='ltr'>spatoli</span> <span class='ocrx_word' id='word_1_180' title='bbox 1608 4485 1730 4581; x_wconf 88' lang='lat' dir='ltr'>potius</span> <span class='ocrx_word' id='word_1_181' title='bbox 1748 4485 1968 4604; x_wconf 67' lang='lat' dir='ltr'>crystallina,</span> <span class='ocrx_word' id='word_1_182' title='bbox 1997 4509 2111 4582; x_wconf 85' lang='lat' dir='ltr'>quam</span> <span class='ocrx_word' id='word_1_183' title='bbox 2135 4511 2190 4559; x_wconf 87' lang='lat' dir='ltr'>or·</span> 
     </span>
     <span class='ocr_line' id='line_1_22' title="bbox 553 4611 2189 4728; baseline -0.002 -22"><span class='ocrx_word' id='word_1_184' title='bbox 553 4631 694 4706; x_wconf 84' lang='lat' dir='ltr'>dinatas</span> <span class='ocrx_word' id='word_1_185' title='bbox 717 4631 896 4726; x_wconf 80' lang='lat' dir='ltr'>eryllallos</span> <span class='ocrx_word' id='word_1_186' title='bbox 915 4611 1040 4719; x_wconf 79' lang='lat' dir='ltr'>vides,</span> <span class='ocrx_word' id='word_1_187' title='bbox 1067 4649 1104 4705; x_wconf 90' lang='lat' dir='ltr'>et</span> <span class='ocrx_word' id='word_1_188' title='bbox 1125 4657 1220 4728; x_wconf 90' lang='lat' dir='ltr'>quae</span> <span class='ocrx_word' id='word_1_189' title='bbox 1238 4657 1312 4706; x_wconf 90' lang='lat' dir='ltr'>non</span> <span class='ocrx_word' id='word_1_190' title='bbox 1338 4633 1521 4704; x_wconf 83' lang='lat' dir='ltr'>immerito</span> <span class='ocrx_word' id='word_1_191' title='bbox 1541 4629 1719 4726; x_wconf 69' lang='lat' dir='ltr'>polyddra</span> <span class='ocrx_word' id='word_1_192' title='bbox 1745 4629 1899 4717; x_wconf 79' lang='lat' dir='ltr'>dixeris,</span> <span class='ocrx_word' id='word_1_193' title='bbox 1925 4628 1986 4701; x_wconf 87' lang='lat' dir='ltr'>sed</span> <span class='ocrx_word' id='word_1_194' title='bbox 2007 4633 2189 4728; x_wconf 85' lang='lat' dir='ltr'>polyedra</span> 
     </span>
     <span class='ocr_line' id='line_1_23' title="bbox 553 4773 2189 4884; baseline -0.001 -35"><span class='ocrx_word' id='word_1_195' title='bbox 553 4777 779 4874; x_wconf 87' lang='lat' dir='ltr'>irregularia,</span> <span class='ocrx_word' id='word_1_196' title='bbox 799 4775 862 4846; x_wconf 87' lang='lat' dir='ltr'>vel</span> <span class='ocrx_word' id='word_1_197' title='bbox 879 4777 990 4846; x_wconf 86' lang='lat' dir='ltr'>etiam</span> <span class='ocrx_word' id='word_1_198' title='bbox 1007 4776 1187 4871; x_wconf 83' lang='lat' dir='ltr'>eryllallos</span> <span class='ocrx_word' id='word_1_199' title='bbox 1209 4777 1446 4875; x_wconf 86' lang='lat' dir='ltr'>irregulariter</span> <span class='ocrx_word' id='word_1_200' title='bbox 1465 4776 1709 4884; x_wconf 83' lang='lat' dir='ltr'>polygonias,</span> <span class='ocrx_word' id='word_1_201' title='bbox 1731 4791 1931 4870; x_wconf 86' lang='lat' dir='ltr'>propterea</span> <span class='ocrx_word' id='word_1_202' title='bbox 1948 4773 2047 4870; x_wconf 91' lang='lat' dir='ltr'>quod</span> <span class='ocrx_word' id='word_1_203' title='bbox 2066 4777 2189 4872; x_wconf 88' lang='lat' dir='ltr'>plana,</span> 
     </span>
     <span class='ocr_line' id='line_1_24' title="bbox 554 4919 2190 5019; baseline -0.001 -25"><span class='ocrx_word' id='word_1_204' title='bbox 554 4941 796 5019; x_wconf 82' lang='lat' dir='ltr'>quaeeorum</span> <span class='ocrx_word' id='word_1_205' title='bbox 822 4921 999 4992; x_wconf 80' lang='lat' dir='ltr'>extimum</span> <span class='ocrx_word' id='word_1_206' title='bbox 1020 4920 1181 5018; x_wconf 89' lang='lat' dir='ltr'>undique</span> <span class='ocrx_word' id='word_1_207' title='bbox 1206 4921 1492 4996; x_wconf 89' lang='lat' dir='ltr'>circumscribunt</span> <span class='ocrx_word' id='word_1_208' title='bbox 1516 4920 1718 5009; x_wconf 90' lang='lat' dir='ltr'>ambitum,</span> <span class='ocrx_word' id='word_1_209' title='bbox 1753 4940 1819 4990; x_wconf 88' lang='lat' dir='ltr'>nec</span> <span class='ocrx_word' id='word_1_210' title='bbox 1838 4919 2016 5016; x_wconf 87' lang='lat' dir='ltr'>regularia</span> <span class='ocrx_word' id='word_1_211' title='bbox 2038 4925 2190 4994; x_wconf 85' lang='lat' dir='ltr'>omnino</span> 
     </span>
     <span class='ocr_line' id='line_1_25' title="bbox 552 5061 2190 5166; baseline -0.001 -26"><span class='ocrx_word' id='word_1_212' title='bbox 552 5066 651 5155; x_wconf 87' lang='lat' dir='ltr'>sunt,</span> <span class='ocrx_word' id='word_1_213' title='bbox 675 5088 744 5138; x_wconf 86' lang='lat' dir='ltr'>uec</span> <span class='ocrx_word' id='word_1_214' title='bbox 771 5067 874 5137; x_wconf 89' lang='lat' dir='ltr'>unius</span> <span class='ocrx_word' id='word_1_215' title='bbox 897 5067 1024 5138; x_wconf 87' lang='lat' dir='ltr'>omnia</span> <span class='ocrx_word' id='word_1_216' title='bbox 1050 5069 1213 5165; x_wconf 87' lang='lat' dir='ltr'>generis,</span> <span class='ocrx_word' id='word_1_217' title='bbox 1243 5091 1311 5140; x_wconf 88' lang='lat' dir='ltr'>nec</span> <span class='ocrx_word' id='word_1_218' title='bbox 1338 5067 1494 5166; x_wconf 91' lang='lat' dir='ltr'>denique</span> <span class='ocrx_word' id='word_1_219' title='bbox 1527 5065 1680 5162; x_wconf 85' lang='lat' dir='ltr'>angulos</span> <span class='ocrx_word' id='word_1_220' title='bbox 1694 5115 1706 5153; x_wconf 89' lang='lat'>,</span> <span class='ocrx_word' id='word_1_221' title='bbox 1732 5085 1824 5160; x_wconf 88' lang='lat' dir='ltr'>quos</span> <span class='ocrx_word' id='word_1_222' title='bbox 1853 5061 1985 5134; x_wconf 89' lang='lat' dir='ltr'>solidos</span> <span class='ocrx_word' id='word_1_223' title='bbox 2016 5063 2190 5153; x_wconf 81' lang='lat' dir='ltr'>dicimus,</span> 
     </span>
     <span class='ocr_line' id='line_1_26' title="bbox 553 5206 2190 5310; baseline -0.001 -26"><span class='ocrx_word' id='word_1_224' title='bbox 553 5209 710 5286; x_wconf 82' lang='lat' dir='ltr'>efficiant</span> <span class='ocrx_word' id='word_1_225' title='bbox 734 5210 808 5286; x_wconf 85' lang='lat' dir='ltr'>live</span> <span class='ocrx_word' id='word_1_226' title='bbox 838 5211 1032 5306; x_wconf 84' lang='lat' dir='ltr'>aequales,</span> <span class='ocrx_word' id='word_1_227' title='bbox 1060 5211 1146 5282; x_wconf 83' lang='lat' dir='ltr'>live·</span> <span class='ocrx_word' id='word_1_228' title='bbox 1165 5211 1328 5300; x_wconf 84' lang='lat' dir='ltr'>ejusdem</span> <span class='ocrx_word' id='word_1_229' title='bbox 1349 5216 1383 5284; x_wconf 91' lang='lat' dir='ltr'>in</span> <span class='ocrx_word' id='word_1_230' title='bbox 1404 5212 1546 5310; x_wconf 74' lang='lat' dir='ltr'>singulis</span> <span class='ocrx_word' id='word_1_231' title='bbox 1571 5210 1722 5282; x_wconf 86' lang='lat' dir='ltr'>numeri.</span> <span class='ocrx_word' id='word_1_232' title='bbox 1739 5206 1789 5298; x_wconf 23' lang='lat' dir='ltr'>&#39;Si</span> <span class='ocrx_word' id='word_1_233' title='bbox 1810 5210 1907 5280; x_wconf 86' lang='lat' dir='ltr'>enim</span> <span class='ocrx_word' id='word_1_234' title='bbox 1928 5209 2039 5304; x_wconf 88' lang='lat' dir='ltr'>plana</span> <span class='ocrx_word' id='word_1_235' title='bbox 2062 5233 2190 5293; x_wconf 87' lang='lat' dir='ltr'>eorun-</span> 
     </span>
    </p>
   </div>
   <div class='ocr_carea' id='block_1_9' title="bbox 556 5350 2191 5456">
    <p class='ocr_par' dir='ltr' id='par_1_9' title="bbox 556 5350 2191 5456">
     <span class='ocr_line' id='line_1_27' title="bbox 556 5350 2191 5456; baseline 0.002 -32"><span class='ocrx_word' id='word_1_236' title='bbox 556 5353 640 5426; x_wconf 88' lang='lat' dir='ltr'>dem</span> <span class='ocrx_word' id='word_1_237' title='bbox 657 5358 769 5431; x_wconf 85' lang='lat' dir='ltr'>latera</span> <span class='ocrx_word' id='word_1_238' title='bbox 780 5357 1010 5456; x_wconf 88' lang='lat' dir='ltr'>diligentiore</span> <span class='ocrx_word' id='word_1_239' title='bbox 1027 5357 1292 5430; x_wconf 79' lang='lat' dir='ltr'>examinaveris</span> <span class='ocrx_word' id='word_1_240' title='bbox 1310 5359 1438 5448; x_wconf 88' lang='lat' dir='ltr'>oculo,</span> <span class='ocrx_word' id='word_1_241' title='bbox 1453 5357 1639 5452; x_wconf 85' lang='lat' dir='ltr'>trapazina</span> <span class='ocrx_word' id='word_1_242' title='bbox 1650 5350 1776 5450; x_wconf 76' lang='lat' dir='ltr'>pallini</span> <span class='ocrx_word' id='word_1_243' title='bbox 1793 5351 2086 5453; x_wconf 88' lang='lat' dir='ltr'>triangularibus,</span> <span class='ocrx_word' id='word_1_244' title='bbox 2106 5379 2191 5453; x_wconf 84' lang='lat' dir='ltr'>qua·</span> 
     </span>
    </p>
   </div>
   <div class='ocr_carea' id='block_1_10' title="bbox 0 0 2613 6609">
    <p class='ocr_par' dir='ltr' id='par_1_10' title="bbox 0 0 2613 6609">
     <span class='ocr_line' id='line_1_28' title="bbox 0 0 2613 6609; baseline 0 0"><span class='ocrx_word' id='word_1_245' title='bbox 0 0 2613 6609; x_wconf 95' lang='lat' dir='ltr'> </span> 
     </span>
    </p>
   </div>
  </div>
 </body>
</html>
