5209 6609
1042 861 1421 936 aaz
1756 919 1761 928 .
1999 895 2048 966 ,7

420 1076 483 1143 aut
498 1080 592 1136 certe
607 1063 786 1161 sphaerice
804 1065 958 1139 obtusas.
984 1069 1127 1143 Minera
1143 1031 1246 1140 Zinci
1260 1069 1376 1138 vitrea
1393 1066 1524 1136 drulica
1540 1067 1729 1155 Walterii,
1750 1063 1950 1152 (cnrdacea)
1968 1065 2047 1162 ple·

376 1263 384 1268 .
418 1213 571 1288 rumque
586 1194 690 1287 aquei
706 1192 754 1264 esi
769 1193 912 1281 coloris,
928 1190 989 1266 sed
1006 1193 1160 1283 albescit,
1175 1192 1529 1290 pelluciditatemque
1546 1189 1676 1286 perdit,
1694 1189 1794 1262 fimus
1813 1204 1922 1286 atque
1940 1192 1974 1260 in
1992 1187 2047 1262 su-

419 1332 564 1426 perficie
585 1329 723 1402 fatiscit.
759 1329 797 1401 Si
823 1347 907 1404 tunc
935 1355 1010 1405 una
1026 1333 1170 1405 alluitur
1192 1333 1361 1405 llalactite
1380 1332 1540 1428 quodam
1558 1327 1670 1438 lluido
1696 1325 1844 1418 (Guhr)
1870 1327 2048 1415 minerali,

421 1470 541 1542 denuo
559 1469 728 1542 exsiccata
743 1467 922 1556 flavescit,
949 1485 1011 1542 aut
1033 1469 1201 1558 rubescit,
1226 1487 1288 1542 aut
1314 1472 1425 1542 etiam
1447 1469 1582 1566 pallide
1604 1464 1703 1537 rosea
1729 1465 1790 1555 fit,
1816 1465 1863 1568 ad
1881 1481 2045 1539 naturam
2068 1491 2078 1506 ¹
2214 1490 2219 1498 “

420 1607 675 1705 particularum
691 1604 1032 1703 heterogenearurn,
1048 1631 1139 1704 quae
1161 1609 1348 1682 llalactiter
1366 1611 1425 1682 ille
1442 1609 1613 1681 eontinet.
1647 1601 1790 1678 Minera
1816 1601 1905 1676 haee
1931 1603 2047 1691 Zinci,

421 1770 490 1820 uec
506 1747 628 1823 minua
642 1745 830 1818 sialactiter
849 1744 951 1816 Zinci
968 1749 1115 1833 niveus,
1133 1745 1322 1844 ipsumque
1347 1751 1459 1823 etiarn
1482 1743 1633 1818 Ziucum
1649 1741 1827 1837 spatosum
1848 1741 2015 1837 crystallis
2033 1784 2048 1800 -

420 1902 500 1957 turn
516 1883 754 1978 pellucidum,
770 1907 845 1954 non
861 1906 941 1956 raro
956 1887 1104 1981 tingitur
1119 1887 1300 1983 magnesio
1318 1885 1570 1982 pulverulento
1588 1880 1871 1977 atro-iuligineo,
1892 1879 1939 1952 ad
1957 1879 2047 1977 digi-

420 2026 449 2096 ti
461 2023 540 2096 sere
555 2044 816 2117 nunnunquam
833 2019 1037 2109 crailitiem,
1054 2023 1144 2107 (vid.
1162 2025 1210 2097 ad
1228 2023 1391 2096 sinisiram
1410 2025 1468 2121 lig.
1485 2021 1612 2108 rrosira)
1638 2043 1730 2117 quae
1749 2019 1869 2092 mollis
1887 2017 2048 2114 quidem,

419 2159 481 2236 sed
499 2177 622 2233 tamen
639 2159 853 2248 cohaerens,
872 2160 959 2232 licet
971 2159 1121 2232 friabilis
1136 2177 1176 2233 et
1188 2180 1269 2234 atro
1284 2165 1425 2259 tingens
1442 2163 1562 2234 colore
1578 2161 1760 2232 tractantis
1781 2181 1953 2242 manum,
1970 2179 2047 2230 me·

420 2301 470 2372 ris
495 2295 627 2368 conllat
653 2295 809 2392 globulis
833 2299 1006 2368 concretis
1014 2323 1025 2382 ;
1051 2301 1088 2369 in
1111 2296 1292 2393 superficie
1318 2298 1364 2371 ab
1388 2297 1664 2373 allambentibris
1689 2298 1792 2394 aquic
1817 2279 2048 2369 subterraneis

420 2434 642 2509 metallicum
658 2448 696 2504 et
711 2433 1142 2530 nigro-caerulescentem
1159 2437 1282 2509 induta
1302 2440 1478 2526 nitorem,
1495 2453 1533 2510 et
1551 2439 1678 2534 unguis
1698 2429 1964 2530 impressionem
1982 2431 2048 2506 ser·

421 2598 534 2664 varra,
556 2572 671 2645 veluti
689 2569 912 2665 molybdena
928 2589 1124 2646 exaratam.
1164 2549 1171 2588 ⁹

423 3073 1554 3267 Plumbumspatrffumflouum'crystallinum
1580 3127 1826 3267 crystaHis
1843 3076 2047 3279 =cubiculi.
2108 3269 2118 3288 ι
2142 3253 2144 3260 y

576 3312 707 3415 Tab.
746 3313 1123 3451 VILFig.17.·

254 3475 261 3487 ·
328 3577 337 3594 ·
469 3547 535 3624 Ex
552 3544 592 3623 S.
611 3529 967 3647 Mattlrucisodr'nu
979 3508 1242 3648 'Bleybergam
1262 3545 1385 3652 saepe
1410 3543 1514 3622 dicto
1528 3523 1704 3647 inficiens
1722 3539 1847 3654 lapidi
1866 3538 2050 3621 ccilcareo.

422 3773 637 3902 lnttemirur
652 3821 773 3897 denuo
790 3845 914 3918 marga
928 3845 977 3892 ex
993 3819 1077 3891 ruso
1094 3818 1381 3918 tandemnr'rigra,
1405 3823 1547 3917 (procul
1565 3819 1676 3894 dubio
1692 3818 1739 3893 ab
1760 3821 1952 3895 accedente
1974 3846 2050 3896 rrra·

422 3961 557 4061 goelio)
576 3961 674 4034 idem
692 3962 881 4047 calcamur,
898 3959 1210 4056 disseminatarqu‘e
1228 3957 1380 4055 superse
1398 3962 1491 4058 gerit
1507 3957 1646 4056 plumbi
1665 3957 1805 4054 spatusn
1823 3983 1897 4032 rron
1908 3964 1984 4049 iarn
2000 3963 2052 4033 la·

420 4101 569 4177 mettas,
591 4098 652 4174 sed
676 4099 875 4194 cryliallos,
900 4114 939 4170 et
964 4097 1113 4194 quidem
1137 4096 1320 4191 erysiallos
1342 4097 1501 4185 cubicas,
1525 4095 1676 4193 suntque
1699 4115 1762 4170 aut
1786 4101 1911 4170 rariter
1935 4101 2052 4196 magia

421 4236 580 4334 sparsae,
604 4254 665 4310 aut
684 4237 810 4334 stipate
829 4239 945 4332 magis
964 4234 1229 4324 accumulatae,
1245 4239 1398 4324 majores
1414 4235 1614 4308 minoribus
1629 4234 1729 4307 nullo
1747 4229 1943 4309 discrimine
1955 4202 2052 4310 'mirr-

422 4393 503 4460 tae,
521 4373 749 4469 diapbarrae,
771 4377 945 4462 niterrtea,
966 4375 1098 4446 coloris
1111 4374 1222 4447 dilute
1239 4373 1440 4471 sulphurei,
1464 4389 1524 4446 aut
1543 4373 1706 4470 aquofiur
1726 4373 1851 4446 saltem
1872 4375 2051 4448 flaventia.
2207 4373 2210 4378 ’

423 4510 677 4586 Laterum'uni
696 4511 972 4600 infisiirntaliar,
991 4528 1102 4610 atque
1120 4527 1199 4584 tum
1222 4514 1370 4609 quidem
1395 4515 1573 4612 regulares
1590 4515 1699 4609 plane
1720 4513 1806 4584 dant
1824 4511 1955 4600 cubos,
1974 4516 2052 4609 pla-

422 4655 478 4726 niu
493 4651 677 4748 quadratio
696 4649 758 4724 serr
775 4652 985 4748 aequalibus
1004 4653 1216 4752 angulisque
1233 4667 1319 4724 octo
1337 4655 1439 4724 rectis
1457 4647 1755 4748 comprehensum
1772 4649 1852 4724 cubi
1870 4652 1958 4723 aliar
1975 4653 2052 4748 pla-

423 4813 511 4862 num
528 4789 809 4885 quadrilaterum
825 4790 1018 4887 diagonale
1031 4817 1099 4890 pro
1126 4795 1195 4866 basr
1219 4793 1289 4863 illis
1317 4789 1384 4877 en,
1404 4815 1521 4886 neque
1545 4793 1676 4862 mirum
1701 4790 1805 4878 dein,
1829 4789 1851 4860 fi
1876 4789 2053 4884 crystallus

423 4928 507 5000 inde
523 4909 609 5000 nata
633 4931 734 5000 cunei
760 4926 818 5000 seu
842 4927 1019 5024 prismatir
1036 4935 1166 5029 trigoni
1191 4931 1388 5030 irregularis
1409 4929 1538 5000 faciem
1557 4929 1686 5000 reserat
1706 4931 1846 5024 potius;
1874 4927 1934 5000 ubi
1960 4955 2049 5003 vero

425 5065 518 5138 aliae
540 5064 686 5138 sectioni
714 5068 828 5139 cuivis
851 5049 899 5140 ad
923 5063 1074 5141 solidum
1099 5069 1180 5141 cubi
1203 5061 1376 5167 angulani
1393 5067 1582 5163 obliquae,
1601 5083 1663 5138 aut
1681 5069 1873 5164 parallelae
1894 5069 2053 5158 insident,

427 5219 609 5278 truncatur
623 5220 662 5276 et
678 5204 846 5304 obliquus
865 5223 944 5280 tum
961 5208 1075 5283 exiliit
1090 5233 1234 5298 cuneus,
1253 5225 1316 5281 aut
1334 5208 1571 5306 irregulariter
1586 5208 1762 5304 potyedra
1780 5209 1956 5305 crystallus
1971 5210 2052 5279 alia.

364 5405 391 5454 ο
429 5340 511 5431 Eli,
526 5345 635 5440 -quod
659 5363 846 5442 praeterea
867 5349 1085 5426 adnotemus
1104 5351 1220 5438 isllric3
1243 5351 1457 5427 eminentiae
1475 5339 1651 5447 quasdam
1677 5373 1810 5443 parvae
1837 5375 1883 5424 ex
1903 5351 1982 5422 ruso
1997 5347 2052 5419 lir-
