5209 6609
1036 833 1426 906 Ξ
1999 853 2050 931 49

417 1057 550 1136 reniffe
566 1081 627 1131 me
642 1018 753 1130 tribus
771 1053 902 1127 abhinc
919 1052 1054 1124 circiter
1071 1047 1172 1121 annis
1188 1049 1226 1119 in
1239 1045 1373 1119 fodinis
1389 1041 1459 1116 illis
1475 1038 1720 1140 plumbiieris,
1750 1061 1845 1138 quae
1870 1041 1907 1110 in
1924 1047 2053 1110 monte

348 1199 357 1213 ⁹
423 1207 470 1284 V
462 1181 713 1306 elacderbe-rg,
733 1205 847 1302 vulgo
867 1201 978 1289 dicto,
998 1222 1113 1295 prope
1129 1197 1169 1270 S.
1181 1196 1431 1294 Hermagorae
1449 1192 1555 1292 trallis
1579 1189 1753 1279 Gilienfis,
1774 1189 1904 1262 dantm
1919 1182 2056 1259 Plum-

420 1347 511 1426 bum
540 1361 777 1452 compactum
799 1328 966 1420 hanuet
988 1341 1279 1439 (Bleyschweif)
1307 1339 1467 1414 calcareo
1492 1333 1672 1433 aequabili
1703 1333 1876 1432 tardeque
1905 1331 2059 1406 efferve-

417 1497 530 1570 icenti
546 1491 717 1569 Wollerii
739 1487 1076 1588 albido-grisescenti
1095 1490 1278 1569 innatum
1298 1487 1534 1580 innatumque
1554 1481 1674 1556 eidem
1694 1479 1794 1554 fimul
1803 1479 1956 1551 Zincum
1972 1474 2050 1570 spa·
2123 1500 2126 1508 ·

420 1636 542 1711 tofum
565 1637 816 1734 crystallinum,
834 1635 1045 1728 figuratum,
1064 1629 1229 1724 cryilallis
1253 1627 1408 1725 globofis
1431 1621 1826 1722 hyalino-pellucidis,
1846 1617 2058 1694 selenitifor.

419 1783 558 1872 mibus‚
585 1782 768 1867 connatis,
792 1801 840 1850 ex
864 1793 989 1849 centro
1010 1773 1249 1862 radiantibus,
1274 1792 1332 1864 et,
1353 1773 1453 1871 quod
1471 1745 1708 1846 memorabile
1726 1767 1824 1855 visu,
1852 1781 1974 1838 centro
1993 1763 2056 1862 ipsi

418 1928 604 2020 ejusmodi
630 1927 779 2036 cryiialli
802 1922 978 2022 globuloli
999 1921 1168 1996 infidentc
1185 1920 1344 2017 crystallo
1372 1918 1497 1992 cubica
1522 1917 1725 1990 aurantiaca
1750 1911 1891 2010 plumbi
1909 1911 2057 2010 spatoli.

418 2075 463 2148 Id
478 2072 596 2147 adhuc
611 2097 759 2146 monere
774 2073 903 2158 liceat,
926 2068 1126 2140 calcareum
1150 2067 1310 2163 lapidem
1335 2063 1619 2138 Geilthalensem
1643 2063 1687 2136 ab
1714 2061 1777 2134 illo
1806 2058 2059 2165 Bleybergensr

419 2244 469 2292 ex
485 2218 524 2291 S.
542 2216 722 2289 Matthaei
739 2215 864 2288 todina
880 2238 954 2286 non
971 2212 1086 2286 solum
1101 2215 1223 2287 colore
1241 2216 1347 2301 (licet
1363 2230 1400 2288 et
1415 2202 1608 2310 hoc'longe
1625 2209 1798 2284 sordidius
1813 2203 1971 2304 grisco),
2000 2203 2061 2278 sed

420 2363 580 2437 solidiori
597 2359 816 2456 potissimum
835 2360 1001 2432 liructura
1019 2360 1169 2452 differre.
1201 2359 1470 2460 Bleybergeniis
1486 2363 1585 2432 enim
1604 2359 1699 2430 illico
1718 2373 1754 2428 et
1774 2355 1964 2428 evidenter
1981 2379 2063 2428 cum

423 2534 524 2606 aqua
540 2508 624 2580 forti
642 2505 855 2596 effervescit,
875 2504 1125 2580 Geilthalenfis
1140 2489 1261 2580 abiem
1278 2529 1355 2582 non
1372 2507 1433 2580 nili
1450 2506 1568 2594 lente,
1588 2522 1695 2603 atque
1714 2505 1762 2578 ob
1777 2501 1870 2575 hanc
1886 2506 2067 2577 rationem

427 2650 549 2737 hunc,
568 2651 653 2722 licet
676 2672 811 2745 opacus
829 2649 888 2739 fit,
908 2644 1169 2723 marmoribus
1183 2647 1313 2724 tardis
1330 2645 1497 2722 Linrzoer'
1523 2648 1763 2720 adnumerare
1783 2645 1882 2718 haud
1897 2643 2037 2718 dubito.

478 2936 680 3035 Epitheton
699 2940 799 3011 enim
814 2936 1016 3034 specificum
1035 2934 1190 3012 tardum
1211 2939 1354 3012 succisis
1374 2937 1555 3031 lapidIbus
1573 2933 1704 3009 Nord-
1722 2917 2067 3034 etRoeclbergerzfi-

427 3079 500 3158 bus
517 3108 540 3154 a
557 3080 697 3154 summo
713 3081 877 3154 Linnaeo
895 3079 977 3155 sane
1000 3107 1074 3154 non
1103 3082 1152 3155 ob
1177 3085 1338 3158 colorem
1357 3083 1482 3156 album
1513 3079 1764 3178 diaphanum‚
1791 3095 1886 3152 recte
1909 3084 1986 3169 jam
2004 3077 2070 3150 ob·

426 3227 594 3301 servante
621 3222 822 3313 Wallerio,
849 3225 910 3299 sed
929 3222 978 3300 ob
997 3224 1209 3300 tardiorem
1228 3227 1537 3302 effervescentiam
1561 3224 1717 3298 inditum
1750 3223 1816 3296 elic
1849 3223 1945 3296 Hinc
1967 3229 2070 3296 mar·
2110 3205 2113 3214 ’

331 3351 334 3354 ’
429 3395 541 3445 mora
568 3367 686 3447 tarda
708 3365 873 3445 Linrzoer'
887 3376 1009 3445 varios
1030 3377 1120 3446 varii
1149 3375 1279 3446 coloris
1294 3390 1332 3444 et
1357 3375 1479 3446 variae
1499 3369 1753 3467 pelluciditaris
1774 3369 1953 3452 calcarcos
1972 3391 2072 3440 com·

333 3561 340 3574 ·
437 3489 643 3610 plectuntur
659 3512 812 3608 lapides,
829 3516 944 3587 modo
963 3518 1144 3613 compacti
1161 3514 1242 3586 satis
1260 3515 1325 3585 lint
1343 3512 1596 3608 particulisque
1616 3507 1911 3605 impalpabilibus
1924 3508 2073 3580 ettarde

432 3655 676 3732 effervebant.
703 3656 772 3745 Et,
794 3675 835 3730 ut
849 3683 978 3734 verum
997 3665 1194 3764 fateamur,
1213 3659 1478 3735 effervescentia
1495 3657 1591 3730 baud
1607 3657 1812 3749 infallibile,
1831 3657 1954 3731 saltem
1975 3653 2074 3742 haud

437 3795 691 3873 immediatum
716 3797 820 3868 calcis
845 3800 980 3896 iignum
1007 3799 1215 3877 habendum
1243 3799 1303 3871 est.
1343 3799 1455 3871 Aliud
1481 3797 1528 3870 eil
1553 3799 1650 3868 enim
1675 3799 1711 3868 in
1734 3822 1829 3894 aqua
1851 3797 1936 3868 forti
1960 3793 2071 3879 solvi,

436 3949 534 4025 aliud
559 3969 641 4018 cum
668 3946 729 4018 illa
756 3947 993 4026 effervescere.
1030 3953 1128 4045 Quid
1145 3956 1242 4024 enim
1259 3951 1357 4024 aliud
1377 3949 1423 4023 eli
1451 3950 1733 4038 effervescentia,
1761 3974 1871 4046 quarn
1895 3955 1985 4022 airis
2013 3949 2074 4022 fixi

440 4090 656 4168 extricatio?
680 4089 785 4164 Pone
805 4117 898 4166 nunc
922 4095 1120 4169 calcareum
1146 4099 1196 4168 ita
1215 4095 1282 4168 elle
1300 4112 1552 4194 compactum,
1572 4113 1612 4168 ut
1631 4096 1701 4187 nil,
1720 4114 1783 4170 aut
1800 4096 1923 4170 saltem
1942 4118 2072 4192 perpa-

436 4263 517 4313 mm
543 4238 606 4310 firi
630 4238 720 4308 aiiris
737 4241 941 4332 contineat,
960 4241 1098 4341 absque
1114 4244 1194 4315 ullis
1215 4242 1500 4319 effervescentiac
1521 4243 1623 4341 signis
1644 4245 1690 4316 ab
1709 4269 1804 4343 aqua
1821 4245 1908 4317 forti
1924 4242 2072 4318 tandem

439 4377 620 4464 solvetur,
644 4399 761 4473 neque
784 4393 908 4452 tamen
930 4381 1016 4455 ideo
1041 4384 1159 4456 minus
1184 4409 1253 4481 pro
1279 4385 1439 4478 calcareo
1456 4381 1654 4458 habendus.
1686 4382 1816 4482 Magni
1831 4371 2011 4456 mor'nenti
2028 4381 2076 4455 eil

440 4522 533 4596 haec
548 4520 772 4648 observatio,
790 4540 830 4597 ut
849 4529 952 4600 varia
967 4529 1132 4626 lapidum
1149 4553 1299 4630 genera,
1321 4529 1505 4640 hucusque
1522 4531 1703 4630 neglecta,
1737 4534 1933 4604 accuratius
1957 4530 2075 4603 deter·
2198 4543 2204 4558 '

441 4669 635 4738 minemus.
672 4663 731 4736 Ex
753 4667 920 4766 neglecta
936 4667 1006 4742 hac
1030 4670 1282 4748 observatione
1308 4670 1406 4778 Juflr'
1429 4675 1565 4748 multos
1593 4675 1770 4746 calcareos
1794 4673 1841 4745 ad
1858 4669 2001 4768 Gypsos
2022 4695 2075 4743 re·
2155 4747 2161 4760 ,

441 4809 533 4882 tulit.
562 4804 657 4881 Hinc
672 4811 782 4880 etiam
801 4810 874 4882 duo
891 4816 1014 4909 magni
1030 4818 1186 4889 nominis
1203 4818 1415 4916 mineralogi
1432 4816 1607 4913 lapidem,
1624 4818 1686 4914 qui
1701 4815 1817 4888 Idriae
1836 4817 1872 4885 in
1893 4811 2078 4886 Carniolia

442 4979 555 5029 venas
571 4954 781 5054 hydrargyri
797 4955 971 5054 sequitur,
995 4975 1032 5031 ct
1047 4959 1168 5033 colore
1188 4961 1321 5059 griseo,
1340 4965 1502 5050 cinereo,
1521 4977 1584 5035 aut
1605 4964 1716 5034 etiam
1739 4963 1937 5060 nigricante
1956 4966 2078 5033 oc‘cur·

441 5097 507 5180 rit,
525 5119 595 5192 pro
618 5094 778 5168 calcareo
800 5093 1022 5188 habuerunt,
1046 5101 1107 5196 qui
1126 5123 1218 5172 cum·
1230 5123 1327 5198 aqua
1343 5101 1428 5176 forti
1453 5125 1529 5174 non
1549 5098 1786 5190 effervescat,
1804 5125 1985 5198 quemque
2007 5098 2080 5168 aci·

442 5237 531 5312 dum
551 5241 687 5312 vitrioli
706 5239 866 5341 subigere
885 5242 1051 5340 cepiffet,
1070 5247 1107 5318 id
1133 5246 1202 5330 cii,
1225 5248 1287 5343 qui
1304 5262 1401 5319 certo
1418 5250 1494 5336 jam
1513 5245 1624 5344 gradu
1642 5245 1813 5346 gypseam
1834 5243 1995 5316 induiliet
2014 5265 2079 5314 na·
2219 5231 2224 5242 ’

372 5397 387 5422 ’
442 5397 583 5477 turam,
603 5386 664 5460 etfi
680 5388 744 5485 ipli
758 5387 863 5462 fateri
886 5390 1058 5466 deberent
1074 5391 1236 5490 lapidem
1252 5389 1347 5465 hunc
1365 5395 1402 5466 in
1420 5417 1515 5492 aqua
1532 5391 1617 5466 forti
1644 5393 1801 5491 perfecte
1827 5391 1939 5478 solvi,
1969 5405 2079 5488 atque

1612 5530 1648 5604 G
