5209 6609
1070 766 1435 836 9...-
2024 786 2073 860 37

1133 977 1382 1086 XLVIII.
1477 1041 1480 1046 ·

442 1258 1000 1426 Plumbuiuspatosum
1029 1275 1209 1430 albuin
1224 1235 2079 1422 rcr'ystollffutumstrmipellucidum,

593 1465 1465 1614 crystalluiueguloriterpolyqdru
1478 1465 1778 1570 rotundatis.
1918 1506 1922 1596 j
2005 1501 2006 1504 κ

498 1723 620 1830 Super
635 1719 779 1828 galeno
783 1666 921 1825 solido
939 1741 992 1794 ea
998 1709 1149 1822 sodiua
1163 1709 1300 1790 Mario
1321 1709 1539 1818 Licdtmeffe
1557 1707 1805 1820 Bleybergde.

450 1965 621 2100 Galeria
642 2013 783 2111 plumbi
812 2012 943 2107 solida,
982 2013 1037 2084 cui
1060 2011 1211 2108 eryllalli
1230 2010 1328 2084 illico
1346 2009 1599 2086 describendae
1613 2007 1784 2095 infident,
1811 2011 1899 2082 nulli
1919 2011 2086 2105 lapideae

460 2167 496 2235 in
516 2164 620 2234 veuit
641 2158 779 2232 obviae
798 2155 988 2232 adhaellll'e
999 2156 1147 2232 videtur
1170 2158 1331 2261 matriti,
1353 2153 1488 2230 deioss'a
1513 2159 1613 2230 enim
1627 2155 1697 2228 init
1722 2158 1757 2227 in
1785 2179 1911 2254 marga
1943 2153 2086 2228 sordide

445 2308 623 2393 albente,
641 2302 834 2400 ‘sporadioa
853 2307 870 2394 (
881 2318 1057 2401 tanquam
1073 2264 1319 2393 {Getehtebin
1346 2300 1515 2376 Pondere
1538 2303 1681 2401 aliquot
1703 2301 1810 2374 libras
1831 2317 1985 2399 aequat,
2013 2301 2088 2373 ele·

456 2470 606 2552 gamem
620 2453 775 2523 omnino
790 2449 940 2538 ereelfi,
969 2449 1094 2522 multis
1113 2446 1281 2543 rupibus,
1305 2449 1523 2524 anfractibus
1541 2465 1579 2523 et
1604 2449 1768 2524 cavernis
1787 2448 1964 2546 praedicti
1983 2470 2089 2538 mon·

452 2602 500 2671 tit
520 2593 694 2669 exhihent
709 2597 927 2692 imaginem
943 2598 1041 2669 nitor
1055 2599 1092 2668 in
1113 2620 1158 2669 ea
1172 2610 1278 2668 extrn
1297 2597 1435 2682 nullus3
1453 2595 1618 2670 eaentleo
1638 2594 1875 2670 cinemlcente
1897 2595 2019 2691 potius
2038 2596 2091 2665 in·

451 2743 620 2816 umbrata
639 2740 687 2812 ell
711 2741 859 2828 colore,
886 2739 947 2812 nili
969 2735 1039 2815 ‘ubi
1054 2740 1111 2814 ab·
1128 2737 1348 2815 adhaerente
1372 2742 1576 2838 praedictae
1596 2701 1743 2839 mergae
1767 2741 1923 2837 pulvere
1940 2765 2006 2836 per
2030 2762 2092 2810 ex-

451 2889 811 2986 stantium-jugorum
833 2875 1057 2959 firmuitatei
1072 2885 1244 2970 canescit—3
1254 2888 1290 2958 id
1299 2883 1403 2986 qnod
1422 2885 1638 2974 cavernosos
1670 2885 1753 2957 illot
1773 2883 1952 2958 anfractus
1972 2854 2093 2958 antro-¹

454 3049 534 3111 turn
554 3020 836 3128 inllar‘un'dique
856 3029 1013 3126 spatior,
1040 3047 1144 3104 tanto
1167 3034 1290 3106 elevat
1308 3033 1475 3128 amplius.
1491 3029 1744 3106 ⁴Viderrsenlm
1757 3030 1804 3102 ell
1820 3033 2018 3130 intercepta
2040 3031 2093 3100 in·
2166 3077 2169 3084 -

456 3201 511 3256 ter
530 3186 702 3280 jugorum
720 3179 1023 3272 capita,aeclivia
1040 3164 1475 3288 pallimdorlalateralia,
1499 3179 1604 3252 velut
1621 3177 1778 3260 totidem
1806 3177 1943 3274 alpium
1979 3190 2097 3272 prata,

460 3350 549 3402 mox
572 3329 707 3411 rlentet·
731 3347 823 3397 mort
846 3327 1046 3420 praecipite
1069 3326 1185 3420 magis
1209 3319 1607 3422 adsteulnall'urgentia.
1642 3319 1741 3394 Tam
1767 3320 1877 3413 haee,
1907 3347 2018 3421 quam
2038 3345 2109 3393 eu·

458 3458 788 3550 vemarumndltua
811 3464 1041 3567 parietesque
1063 3485 1101 3541 et
1118 3466 1281 3540 domitet
1297 3461 1438 3540 'nonita
1459 3488 1570 3567 quant
1591 3465 1787 3547 deullss‘une
1805 3466 1886 3540 sunt
1898 3469 2094 3548 innumeris

456 3617 639 3718 grandinis
660 3603 764 3692 idllar
780 3615 947 3712 crystallis
962 3603 1253 3709 plumbi'lpatoli
1270 3613 1361 3687 albis
1382 3616 1462 3708 plus
1484 3583 1663 3691 minorue
1681 3608 1979 3710 semipelluddis,
2008 3639 2095 3712 qua-

456 3789 535 3838 rum
549 3761 768 3862 magnitudo
787 3763 853 3834 vix
871 3759 1012 3832 dimidii
1036 3757 1180 3831 leminis
1194 3759 1285 3830 milii
1300 3759 1369 3845 ell,
1388 3758 1451 3832 sed·
1468 3764 1587 3832 minor
1609 3754 1718 3832 etiarn
1739 3777 1777 3834 et
1791 3763 1965 3849 minima,
1983 3760 2097 3858 figura

440 3934 545 3982 'vero
570 3899 907 4003 sphaeroidtcaAEr
928 3893 1019 3977 talea
1043 3903 1215 4002 quidem,
1247 3905 1281 3974 ln
1299 3905 1501 3998 irruunibtro
1527 3899 1766 4001 adspiciuntur
1788 3908 1922 3994 oculis,
1948 3905 2097 4002 crystalli

458 4055 528 4130 hae
556 4052 645 4126 lunt.
663 4049 904 4145 Microscopio
923 4050 1156 4145 exploratae,
1181 4050 1336 4146 granulis
1358 4048 1563 4130 adhucdum
1589 4051 1810 4142 rotundatis,
1836 4049 2098 4150 sedpotyedns

455 4203 555 4275 limul
572 4200 723 4287 similes,
754 4220 908 4296 quarum
928 4193 1126 4289 superficies
1145 4216 1314 4266 convexa
1335 4194 1516 4290 inscriptas
1539 4195 1651 4270 habet
1671 4215 1990 4299 quantumcunque
2026 4203 2101 4272 exi-

456 4373 545 4448 guas
564 4347 705 4438 areolas
721 4343 918 4443 triangulas
930 4343 1032 4414 nullo
1051 4342 1176 4414 ordine
1189 4342 1446 4442 quadrangulis
1456 4343 1608 4431 mixtas,
1626 4359 1663 4415 et
1682 4367 1771 4440 quas
1791 4339 1890 4417 haud
1904 4347 2103 4420 meliusrue

454 4518 531 4566 uno
550 4489 711 4590 denique
726 4479 843 4564 verbo
864 4491 1067 4585 exprimere
1084 4485 1181 4581 polle
1192 4463 1375 4577 judicari,
1404 4513 1514 4587 quam
1532 4489 1554 4558 n
1574 4490 1813 4587 irregulariter
1830 4491 2024 4588 polyedtas
2045 4517 2103 4566 ro·

461 4637 632 4712 tundatas
651 4637 822 4732 dicerem.
848 4633 995 4707 Similes
1013 4634 1121 4726 plane
1137 4633 1278 4728 plumbi
1288 4632 1415 4731 spatoli
1424 4633 1495 4707 albi
1510 4635 1688 4732 crystallus
1709 4634 1817 4711 dense
1846 4639 2103 4726 accumulatas,

459 4802 522 4860 aut
537 4784 650 4858 libere
668 4781 877 4866 infidentea,
897 4795 962 4852 aut
977 4794 1080 4876 parte
1096 4777 1147 4852 lui
1163 4780 1284 4877 aliqua
1300 4795 1493 4869 cannatas,
1511 4784 1598 4879 quin
1615 4796 1653 4855 et
1669 4805 1715 4856 ex
1732 4782 1818 4857 albo
1829 4781 2015 4880 hyaliuas,
2031 4782 2106 4858 sae·

456 4911 539 5030 pius
562 4929 640 5002 vidi
661 4951 704 5000 ac
723 4929 834 5000 etiam
852 4921 1037 5022 pollideo‚
1064 4949 1139 4998 non
1163 4926 1317 5024 galenae
1351 4923 1487 5000 solidae
1505 4911 1645 5014 inadtat
1673 4930 1751 5020 (uti
1768 4954 1814 5003 ex
1837 4928 1965 5004 fodina
1987 4929 2107 5005 Maria

460 5071 698 5163 Lichtmess),
725 5070 786 5146 sed
807 5074 900 5144 iutra
918 5074 1026 5145 rimas
1043 5075 1291 5170 cavitatenque
1311 5071 1555 5172 plumbaginis
1580 5072 1716 5148 solidae
1736 5075 1942 5152 nidulantea
1960 5079 2028 5151 aui
2043 5077 2109 5151 der

461 5215 681 5292 windischeu
691 5215 848 5292 Hdhein
856 5217 957 5290 valle
973 5213 1144 5307 (tutent,
1160 5232 1238 5290 tum
1247 5228 1293 5290 'ex
1302 5217 1430 5290 fodina
1447 5218 1555 5293 lancti
1576 5219 1609 5294 N
1613 5221 1716 5293 icolai
1727 5215 1973 5322 Bleybergae,
1992 5224 2107 5295 maxi-

466 5362 954 5459 mevetoepluurbifodinin
974 5359 1128 5436 Comitis
1146 5386 1168 5434 a
1187 5360 1315 5436 Thurn
1324 5385 1437 5460 prope
1448 5363 1695 5465 Bleyburgum
1714 5367 1891 5442 inferioris
1902 5365 2108 5442 Carinthiae
