5209 6609
2048 873 2092 946 ι3

448 1067 486 1126 et
503 1018 645 1140 colore,
665 1066 743 1123 tum
760 1045 1121 1146 exeoloresbyalinas
1138 1049 1296 1148 denique
1333 1049 1619 1147 semipellucidas
1635 1065 1672 1122 et
1694 1045 1893 1146 pellucidae
1910 1045 2092 1146 fulgentis-

447 1199 540 1270 limo
567 1198 719 1295 galeriae
734 1199 852 1269 nitore
876 1194 1157 1292 resplendentes.
1186 1195 1281 1268 Cum
1296 1195 1442 1270 stridore
1464 1195 1604 1293 semper
1624 1191 1830 1269 dillilierunt
1848 1218 1994 1292 quaqua
2010 1217 2092 1291 ver-

448 1343 524 1416 sum
540 1341 728 1438 dispersae,
746 1367 841 1440 quae
870 1341 972 1414 flavo
989 1358 1051 1414 aut
1066 1341 1152 1413 albo
1161 1346 1394 1440 quarzierant
1405 1343 1547 1425 colore;
1571 1359 1699 1438 parum
1713 1357 1856 1430 autem,
1871 1340 2092 1438 quandoque

456 1492 568 1563 etiam
584 1488 797 1584 planenon,
813 1511 908 1584 quae
918 1485 1105 1558 exeolores
1114 1503 1199 1574 ,aut
1210 1489 1490 1560 metallicolores
1500 1503 1615 1561 erant.
1643 1486 1822 1576 stridula,
1836 1489 1873 1558 in
1888 1511 1983 1585 quae
2001 1483 2093 1558 dilli-

446 1635 567 1722 luere,
584 1603 775 1732 diligenter
810 1633 961 1704 collecta
980 1631 1115 1702 rursum
1131 1630 1195 1702 soli
1215 1632 1332 1722 objeci
1352 1635 1388 1704 in
1402 1633 1535 1706 eodem
1546 1634 1651 1706 lentis
1669 1633 1754 1704 suco
1763 1683 1775 1718 ,
1792 1628 2000 1704 adhucdum
2010 1653 2093 1702 cum

434 1780 599 1881 ‘aliquali
620 1778 765 1850 llridore
780 1775 1018 1877 subblierunt,
1049 1779 1160 1876 inque
1176 1779 1319 1849 minora
1336 1776 1455 1850 adhuc
1472 1778 1713 1874 fragmentula
1738 1765 1933 1850 dilacerirta
1952 1775 2030 1848 sunt
2049 1769 2115 1850 ea'

448 1925 590 2024 plumbi
614 1922 741 2019 spatob
760 1921 868 2005 flavi;
894 1923 1137 2017 conquievere
1160 1922 1310 1996 taudem
1327 1922 1552 2010 immobilia,
1570 1919 1630 1994 sed
1652 1945 1719 1994 nec
1737 1925 1972 2020 primaevum
1984 1946 2093 1995 exue·
2115 1917 2120 1926 '

449 2086 532 2145 runt
550 2069 711 2142 colorem
729 2067 894 2155 flavum,
913 2090 983 2138 nec
1001 2067 1075 2140 ulla
1091 2067 1132 2140 vi
1150 2069 1188 2139 in
1206 2069 1350 2166 plumbi
1371 2070 1514 2168 regulos
1536 2066 1612 2145 susa
1632 2065 1722 2142 sunt.

534 2216 549 2266 r

499 2365 561 2439 An
584 2365 663 2434 lem
691 2359 839 2432 caustica
863 2362 1010 2448 majoris
1029 2359 1194 2435 diametri
1218 2361 1386 2460 effectum
1410 2361 1618 2459 praestitura
1644 2358 1728 2434 esset
1751 2359 1963 2450 malorem?
1989 2361 2091 2434 indu·

449 2514 536 2596 bie,
566 2533 614 2581 an
642 2507 737 2578 fluor
761 2505 912 2604 quidam
932 2508 1115 2596 mineralia
1132 2506 1359 2582 adhibendus
1378 2506 1494 2582 suisset
1516 2507 1730 2605 praeterea?
1761 2506 1976 2580 tentandum
2002 2523 2091 2580 erat.

449 2657 593 2758 Exigua
616 2652 756 2725 boracis
774 2651 920 2724 frustula
935 2652 1184 2726 immobilibus
1200 2654 1270 2726 illis
1287 2657 1410 2752 ignem
1429 2656 1590 2763 expertis
1611 2651 1751 2752 plumbi
1766 2653 1898 2749 ipatoli
1915 2651 2005 2724 slavi
2021 2655 2089 2724 mi·

448 2801 517 2874 seui
537 2799 710 2885 frustulis,
728 2801 1091 2894 experimentumque
1107 2802 1256 2896 repetii3
1281 2800 1380 2871 illico
1402 2799 1516 2872 borax
1541 2803 1578 2871 in
1597 2797 1807 2896 fungosum,
1834 2797 1979 2885 album,
2001 2821 2092 2895 opa-

448 2973 552 3035 eum,
575 2944 777 3031 tumidum,
794 2943 880 3014 leve
896 2942 987 3014 abiit
999 2967 1131 3040 corpus
1140 2997 1152 3034 ,
1183 2948 1238 3016 cui
1254 2946 1422 3018 involuta
1439 2961 1541 3018 erant
1559 2943 1701 3042 plumbi
1715 2941 1845 3040 spatosr
1862 2944 2091 3040 fragmenta3
2192 3015 2197 3022 ,

448 3097 486 3165 in
503 3091 644 3163 fluxum
666 3104 790 3160 tamen
806 3059 1016 3162 ulten'brem
1031 3087 1319 3188 haudquaquam
1337 3089 1533 3187 perducere
1555 3091 1683 3186 potui,
1710 3088 1796 3162 licet
1818 3083 2007 3164 diutissime
2025 3087 2091 3162 soli

451 3233 840 3311 obversum=tenerem
865 3250 1085 3331 apparatum
1113 3235 1217 3307 illum
1236 3259 1399 3309 omnem.
1427 3229 1606 3333 Suspieari
1630 3233 1757 3324 subiit,
1790 3257 1837 3306 an
1862 3259 1937 3307 non
1968 3258 2089 3334 aequo

451 3389 568 3471 majus
590 3380 688 3451 foret
704 3379 916 3451 boracinum
937 3381 1027 3450 illud
1045 3405 1176 3474 corpus
1200 3405 1269 3477 pro
1287 3382 1450 3456 exilitate
1469 3379 1588 3478 campi
1606 3379 1707 3452 foci?
1732 3383 1960 3478 nimiumque
1978 3385 2091 3454 etiam

450 3554 473 3601 a
491 3527 577 3599 solis
595 3529 739 3597 actione
760 3541 924 3619 protecta
943 3524 1053 3596 essent
1071 3524 1213 3619 plumbi
1230 3525 1396 3614 fmllula,
1424 3525 1598 3624 quamdiu
1614 3525 1781 3598 involuta
1797 3525 1959 3622 undique
1979 3524 2090 3600 essent

453 3673 628 3747 boracino
647 3672 700 3741 illi
719 3666 958 3742 indumento?
977 3663 1202 3740 Calcinatum
1227 3693 1315 3767 ergo
1333 3671 1502 3742 boracem
1522 3695 1594 3742 una
1613 3695 1696 3742 cum
1710 3670 1851 3767 plumbi
1867 3670 1996 3766 spatosi
2017 3671 2090 3744 sru-

449 3819 545 3890 llulis
570 3817 749 3902 contrivi,
776 3830 886 3909 atque
901 3815 1032 3886 iterum
1056 3817 1293 3886 concentratis
1314 3839 1386 3912 ope
1402 3820 1487 3889 vitri
1504 3815 1640 3887 causlici
1660 3817 1745 3888 solie
1762 3817 1868 3889 radiis
1889 3815 2029 3906 objeci3
2049 3833 2091 3890 et

450 3967 543 4036 intra
559 3961 706 4034 brevius
721 3961 864 4030 minuto
884 3959 1039 4055 spatium
1055 3958 1230 4056 sphaerici
1247 3977 1286 4033 et
1302 3959 1569 4058 resplendentes
1578 3959 1720 4057 plumbi
1736 3963 1869 4060 reguli,
1886 3962 1970 4035 lieet
1980 3959 2090 4034 mitis-

452 4109 547 4196 limi,
568 4107 728 4178 aderaut.

502 4395 627 4468 Minor
644 4395 753 4492 longe
770 4394 960 4468 difficultas
980 4409 1057 4467 erat
1082 4397 1120 4465 in
1143 4395 1354 4470 reducendis
1373 4399 1463 4486 illis,
1493 4393 1587 4496 qt'rae
1606 4395 1778 4496 hyalinae
1797 4399 1860 4474 vel
1887 4397 1995 4488 albii,
2022 4417 2086 4476 aut
2162 4447 2170 4452 -

457 4538 642 4611 metallico
662 4555 764 4611 erant
786 4542 925 4613 colore:
952 4563 1039 4612 nam
1063 4538 1134 4612 hae
1152 4541 1233 4638 poli
1250 4543 1455 4615 stridentem
1474 4543 1714 4616 dilsrlitiouem
1736 4547 1909 4618 collectae
1936 4548 2090 4638 itemm,

456 4689 661 4781 itemmque
679 4687 916 4757 concentratis
933 4685 1043 4758 radiis
1070 4685 1155 4758 solis
1179 4686 1364 4777 objectae,
1389 4713 1480 4762 mox
1503 4691 1697 4762 calcinatae
1724 4692 1918 4765 lateritium
1942 4691 2088 4764 rubrum

456 4829 648 4903 induerunt
663 4845 941 4925 permanentem
952 4831 1116 4903 colorem
1126 4885 1148 4936 t
1159 4849 1196 4905 et
1212 4832 1356 4907 uberius
1372 4835 1409 4905 in
1428 4834 1513 4907 soco
1529 4837 1635 4908 lentis
1651 4853 1824 4925 retentae,
1839 4835 1976 4934 absque
1985 4839 2088 4910 omni

459 4975 531 5046 alio
554 4976 815 5072 eliquationem
834 4991 1081 5072 promovente
1096 4977 1317 5053 adminiculo
1345 4984 1383 5052 in
1406 4981 1547 5077 plumbi
1578 4983 1721 5081 regulos
1745 4981 1841 5053 fusae
1870 4981 1949 5054 sunt
1975 4985 2085 5057 illico.

457 5119 670 5194 Amoenum
688 5117 798 5216 plane
818 5117 889 5192 lrae
913 5124 951 5192 in
972 5123 1186 5218 operatione
1204 5124 1331 5198 videre
1359 5125 1429 5198 suit
1446 5127 1698 5200 ascendentem
1729 5130 1786 5218 (ut
1805 5129 1855 5198 ita
1879 5126 2016 5220 dicam)
2042 5155 2088 5204 ex

456 5267 588 5360 quovis
611 5267 715 5336 calcis
732 5265 878 5339 frustulo
888 5319 901 5356 ,
914 5265 1015 5366 quod
1032 5267 1209 5340 inlocum
1229 5269 1443 5366 perductum
1460 5271 1547 5362 fuit,
1566 5271 1737 5358 brevem,
1754 5269 2085 5371 subtilissimamqite

456 5424 494 5479 et
514 5412 717 5530 caendeam
730 5411 821 5484 fumi
840 5415 1020 5512 virgulam
1039 5439 1113 5489 non
1136 5413 1184 5488 ob
1201 5413 1397 5514 sulphuris,
1420 5419 1520 5517 quod
1537 5419 1673 5494 nullum
1692 5421 1729 5492 in
1745 5417 1813 5492 hac
1828 5421 1966 5495 minera
1982 5443 2087 5518 repe·
