5209 6609
1044 733 1445 814 Q
2015 771 2071 852 93

424 959 567 1058 longea
573 959 695 1055 priore
718 949 1012 1034 diversffimaeh
1024 935 1781 1050 Crylallinempenonlimplicer,solutae,
1798 949 1988 1035 etliherae,
2006 942 2068 1028 secl

423 1095 606 1172 clrulhrum
613 1087 2067 1186 moreconnataeiucruliamuuam,cohaerenter.n,vitream,nodulosammodulir

423 1233 743 1328 conversancium
760 1242 871 1331 tua„
882 1220 1736 1330 smueotacplanrsto'cur,sedtugosoznrtuic,
1753 1229 1840 1308 striis
1854 1230 2067 1314 multia'suh.

421 1374 566 1468 tilibua,
583 1340 797 1466 undulata,
814 1374 998 1476 parallelis
1012 1371 1289 1468 approximatis.
1316 1367 1439 1442 Crulla
1454 1364 1547 1440 haec
1568 1367 1766 1464 crystallino
1777 1371 1932 1450 -drulica
1950 1375 2064 1454 dilate

423 1518 566 1591 cinerea
584 1516 738 1591 omuino
753 1513 801 1590 cll
819 1528 857 1590 et
873 1515 992 1586 uitem
1002 1537 1015 1596 ;
1029 1509 1176 1584 indubie
1193 1535 1217 1583 a
1232 1511 1451 1598 tralucente,
1471 1529 1584 1605 quam
1602 1503 1770 1601 obducit,
1789 1511 1929 1588 cinerea
1942 1515 2063 1614 plum.

422 1653 460 1728 hi
477 1651 606 1741 ochra3
631 1677 719 1727 nam
735 1651 899 1729 antliam
916 1654 993 1741 eiua
1009 1651 1352 1764 partemoaliquam,
1375 1664 1415 1720 ut
1433 1650 1471 1722 in
1492 1643 1689 1746 plumbum
1708 1671 1782 1748 ope
1800 1649 1933 1728 lillulae
1951 1653 2063 1730 serru-

420 1793 637 1868 mirratoriac
651 1792 842 1867 funderem
847 1843 863 1886 ‚
878 1785 1209 1887 pellucidisl'rmam,
1224 1803 1260 1863 et
1278 1788 1490 1862 excolorem
1505 1786 1643 1882 pariter
1664 1788 1801 1874 iuveni.
1837 1789 1912 1866 Cur
1937 1809 2062 1870 autem

419 1935 560 2031 priores
576 1929 725 2028 crystalli
738 1909 1021 2029 uinco-spatuste
1032 1927 1169 2016 ,ether
1184 1926 1282 2024 ipsae
1297 1928 1459 2000 cinereae
1476 1924 1618 2024 plumbi
1629 1923 1762 2001 ochrae
1775 1927 1969 2022 insideant,
1985 1954 2061 2010 nou

421 2075 534 2146 etiam
546 2086 587 2144 ut
602 2069 757 2144 drulicae
771 2067 855 2160 luc,
871 2071 1014 2146 cinereo
1028 2074 1163 2144 tinctae
1176 2066 1371 2142 rideantur
1387 2063 1455 2140 esse
1471 2065 1616 2138 coloret
1630 2067 1810 2142 rationem
1827 2067 1897 2144 scio
1908 2072 2059 2168 nullam,

419 2209 481 2283 uili
495 2207 613 2282 forsan
630 2206 726 2281 haec
744 2229 792 2282 ex
809 2207 994 2309 superficie
1008 2209 1172 2308 priorum
1188 2203 1343 2308 nrgofo·
1353 2205 1468 2280 llriata
1486 2202 1752 2304 undulataquc,
1769 2221 1807 2282 et
1827 2208 1898 2284 alia
1917 2209 2059 2310 prorsus

419 2342 505 2422 inde
528 2345 699 2422 exiliente
721 2331 938 2424 resractiune
959 2349 1144 2423 radiomm
1161 2347 1306 2421 lutrinis
1316 2399 1328 2436 ,
1346 2343 1545 2444 repetenda
1560 2345 1610 2420 fit.
1637 2344 1750 2442 Quod
1762 2344 1916 2424 demum
1932 2351 1980 2424 ad
1999 2367 2057 2428 tu·

417 2488 539 2561 mulos
554 2485 636 2559 istos
657 2470 865 2580 convexus,
881 2476 1207 2585 hemisphaericur,
1220 2483 1450 2599 lamellulas,
1472 2511 1494 2560 e
1520 2499 1644 2564 centro
1657 2488 1837 2566 radianter
1858 2493 2008 2583 attinet,
2031 2493 2057 2567 ii

416 2625 508 2718 sunt,
524 2640 565 2699 ut
579 2626 684 2725 snpra
698 2627 834 2701 dictum
847 2627 906 2719 cll,
924 2627 971 2701 ad
981 2626 1086 2702 inllar
1100 2625 1323 2701 haematitae
1338 2625 1496 2702 lllllatitii
1514 2627 1689 2730 nodulos,
1706 2633 1922 2708 eminentiae
1938 2655 2055 2708 mam·

414 2765 575 2841 millarec
587 2765 690 2840 Zinci
710 2766 838 2865 spatoli
855 2767 1078 2864 eryllallisati.
1120 2766 1249 2840 Solent
1264 2763 1363 2840 enim
1386 2770 1479 2842 inter
1494 2777 1635 2842 cauma
1647 2763 2055 2872 Blcybergeniumprn·
2207 2786 2214 2801 ¹

416 2905 525 2980 (lucta
543 2896 623 2980 rara
643 2904 704 2980 sex
719 2909 918 3005 praecipue
937 2906 1041 2980 Zinci
1056 2889 1191 3004 speciei
1211 2894 1384 2981 dhvenire
1394 2962 1407 2999 ,
1427 2910 1614 2987 nimirumt
1637 2905 1784 2985 Vitium
1802 2909 1906 2986 Zinci
1920 2916 2055 3009 partim

414 3043 590 3136 solidum,
604 3047 748 3146 ,partim
765 3046 961 3131 durlicum'}
977 3025 1335 3142 Lapls'calamirraria
1350 3043 1533 3133 satisceutr
1550 3044 1672 3122 Ochra
1682 3047 1791 3123 ‘Zinci
1808 3052 1948 3146 (pura);
1964 3044 2057 3124 Zia.

416 3209 497 3258 cum
514 3183 695 3283 spatosum
712 3183 939 3271 stillatitium3
960 3183 1113 3256 Zincum
1137 3181 1367 3282 hepaticum3
1384 3185 1533 3260 tandem
1554 3185 1826 3288 Pseudogalena
1847 3191 1981 3288 partim
1999 3191 2052 3264 la·

374 3425 379 3434 p
416 3322 564 3397 mellosa
582 3324 656 3396 live
675 3321 882 3422 squamosa,
900 3324 1032 3418 partim
1046 3318 1271 3420 crystalllsata
1284 3323 1609 3422 granatim-rubra.
1634 3321 1782 3402 Praeter
1801 3325 1890 3402 duaa
1907 3329 2052 3404 urinuc

414 3459 568 3560 speclea,
585 3477 741 3560 quatuor
760 3463 958 3534 anteriores
974 3485 1102 3534 umnec
1117 3463 1155 3533 in
1172 3461 1356 3560 superficie
1373 3463 1411 3534 in
1426 3485 1565 3536 novam
1581 3461 1782 3558 septimam,
1801 3463 1904 3538 Zinci
1922 3465 2051 3563 spatoh

413 3623 549 3698 nempe
564 3573 747 3696 crplailus
763 3576 995 3688 efflorescere,
1011 3600 1074 3672 vel
1090 3601 1216 3698 potina
1230 3597 1278 3674 ab
1295 3603 1340 3674 ila
1359 3597 1490 3676 obduci
1505 3597 1635 3674 solent:
1657 3599 1759 3676 Zinci
1769 3599 1896 3700 spatoli
1911 3579 2049 3701 entia
2186 3626 2187 3635 ¹

411 3739 502 3816 lisati
517 3740 641 3838 plures¹
656 3735 900 3840 pulchraeque
917 3737 1048 3821 dautur
1063 3740 1278 3829 varietates,
1302 3737 1349 3819 de
1365 3735 1493 3835 quibua
1507 3735 1625 3814 sorsau
1640 3739 1749 3829 aliar,
1773 3741 1797 3814 li
1823 3743 1888 3815 otii
1904 3756 1942 3816 et
1955 3739 2049 3816 sum·

412 3896 547 3977 ptuum
561 3881 668 3953 suerit
686 3875 778 3954 satia.
800 3877 1051 3992 Haec,quam
1067 3902 1156 3986 prae
1175 3879 1287 3984 oculis
1301 3873 1501 3967 habemur,
1518 3875 1818 3976 hemisphaerica,
1836 3877 1972 3971 sellilit,
1991 3884 2048 3955 vi-

412 3984 509 4108 trea,
528 4018 732 4117 pellucida,
749 4030 786 4090 ct
803 4015 988 4088 ranunculi
1004 4013 1135 4089 ahatlcl
1150 4017 1355 4114 polypetali
1369 4015 1414 4092 L.
1431 3993 1479 4090 ad
1499 4012 1600 4090 instar
1617 4013 1803 4092 lamellosa
1819 4017 1879 4108 cll,
1893 4019 2048 4094 lamellis

413 4159 475 4234 vel
490 4161 614 4256 potiar
631 4155 798 4254 ccyllallia
814 4153 996 4252 selenitico
1007 4197 1022 4212 -
1033 4153 1236 4245 decatdric,
1254 4155 1453 4253 elongatis,
1479 4153 1650 4254 angina,
1674 4155 1888 4246 linearibus,
1912 4159 2046 4232 multo·

414 4317 493 4368 ram
516 4295 686 4370 ordinum
711 4299 749 4368 in
771 4309 934 4368 centrum
958 4315 1152 4367 commune
1173 4289 1506 4392 couvergcntibua,
1535 4292 1715 4392 undique,
1737 4310 1881 4393 praeter
1904 4265 2047 4392 apicem

411 4431 526 4532 ipsum
548 4438 586 4508 iu
609 4432 817 4533 peripheria
833 4435 1065 4507 terminatum
1074 4483 1087 4522 ,
1106 4433 1288 4519 connatis,
1306 4431 1420 4528 licque
1436 4429 1532 4528 quali
1548 4428 1665 4504 rosam
1680 4430 1921 4506 semiclausam
1939 4433 2045 4508 esor-

411 4573 614 4662 mantibua;
640 4575 679 4646 id
697 4573 799 4672 quod
821 4596 869 4647 ex
892 4572 1060 4646 diffractis
1084 4587 1123 4644 et
1136 4568 1500 4668 perpendiculariter,
1523 4583 1561 4642 et
1575 4566 1847 4648 horizontaliter
1865 4574 2044 4662 ejusmodi

410 4711 553 4803 rosulis,
577 4716 615 4786 in
634 4700 754 4812 ‘figura
783 4711 922 4800 adjecta
943 4679 1072 4809 pictis,
1097 4709 1231 4782 clarum
1244 4679 1295 4781 'eu
1309 4681 1445 4781 virlere.
1471 4705 1718 4782 Lamellarum
1734 4706 1875 4782 istarum
1890 4709 2043 4786 seleniti-

410 4839 582 4927 sormium
594 4847 694 4926 bases
714 4854 805 4925 circa
823 4867 983 4926 centrum
1001 4849 1102 4925 rollre
1119 4843 1251 4946 aquose
1266 4821 1406 4938 virent,
1425 4863 1606 4920 caeterum
1622 4847 1808 4923 excoleres
1822 4846 1899 4923 sunt
1915 4849 2042 4924 lamel-

407 4995 468 5066 lae
493 5009 532 5066 et
554 4992 778 5107 pellucidae3
802 5015 849 5065 ex
866 5005 1115 5088 transparente
1141 5004 1267 5062 tamen
1283 4983 1392 5062 crulla
1411 4983 1585 5064 ochracea
1598 4983 1863 5100 *flavo-rubra,
1877 5011 1922 5092 et
1944 4995 2042 5094 ipsae

408 5118 511 5241 slavo
528 5130 630 5248 uelut
644 5127 916 5207 tinctae'colorc
932 5131 1101 5207 videntur
1113 5124 1191 5206 elle.
