5209 6609
537 847 585 917 ⁹8
1154 812 1548 885 ξ

535 1060 639 1111 cerae
664 1035 810 1123 mune,
834 1032 986 1106 saturare
1009 1028 1191 1116 cinereae,
1214 1026 1355 1117 darae,
1380 1044 1443 1101 aut
1464 1037 1575 1103 etiam
1591 1055 1649 1105 ·ex
1679 1028 1780 1103 flare
1807 1030 2164 1119 curaecium-tusae,

535 1180 711 1279 implicer
727 1176 898 1275 quidem,
917 1176 978 1248 sed
994 1176 1184 1252 confertim
1200 1184 1438 1271 aggregatae,
1459 1198 1532 1246 non
1550 1177 1687 1247 matrici
1709 1176 1900 1273 lapideae,
1916 1200 2037 1273 neque
2054 1178 2166 1251 minei

537 1350 616 1413 rae,
637 1320 779 1419 plumbi
801 1320 883 1417 ipsi,
909 1318 969 1392 sed
990 1318 1121 1391 ochrae
1142 1318 1305 1407 ejusdem
1323 1316 1497 1391 fatiscenti
1518 1324 1662 1392 innatae
1683 1317 1773 1392 sunt.
1796 1318 1878 1391 Hoc
1893 1342 1939 1391 ex
1960 1320 2100 1391 illarum
2115 1318 2166 1391 la·

538 1462 1077 1559 mellarumfituinserriporeil,
1095 1483 1177 1533 cum
1186 1484 1252 1534 eae
1261 1482 1334 1531 non
1346 1462 1380 1531 in
1390 1460 1511 1555 lapide
1521 1460 1741 1555 plumbisero
1759 1462 2043 1549 abmondantur,
2063 1462 2167 1537 sedin

536 1608 806 1705 ciuesupcrflcie
819 1606 1315 1701 duntaxatreperirisoleant3
1336 1605 1537 1677 aliaeenim
1550 1602 1791 1703 superlapidie
1802 1606 1952 1703 planum
1963 1604 2168 1683 henaena

538 1758 622 1830 liter
633 1752 842 1851 prollratae,
862 1750 955 1822 aliae
966 1766 1089 1821 autem
1105 1744 1167 1820 snb
1180 1749 1314 1845 angulo
1324 1764 1435 1835 rectu,
1453 1766 1513 1821 aut
1525 1750 1605 1845 plna
1622 1754 1790 1828 minuere
1798 1752 1970 1823 indirrato
1978 1762 2167 1847 apparent.

531 1899 581 1973 Et
602 1898 675 1972 hoc
693 1894 810 1993 ipsum
828 1894 1009 1991 peculiare
1042 1890 1347 1989 phaenomenonl
1377 1910 1415 1967 et
1440 1892 1513 1966 boc
1538 1892 1652 1991 ipsum
1679 1892 1964 1991 phaenomenon
1984 1863 2167 1969 manisesse

534 2047 693 2129 doceor,
712 2040 894 2112 larvarum
913 2035 1027 2109 hocce
1051 2036 1264 2131 plumbum,
1282 2036 1372 2134 spati
1391 2038 1483 2111 sacie
1505 2040 1656 2137 galeua,
1678 2038 1821 2135 plunbi
1838 2036 1913 2135 ipsa
1928 2038 2042 2137 longe
2062 2037 2168 2115 serina

536 2200 770 2287 generatum,
788 2181 917 2255 scilicet
937 2180 1060 2277 polica
1082 2197 1295 2277 generatum
1320 2182 1515 2265 duntaxat,
1534 2206 1644 2281 quam
1660 2181 1774 2255 solide
1790 2180 1932 2279 plumbi
1954 2184 2104 2281 galeam
2122 2206 2168 2261 ex

534 2355 608 2429 qua
635 2332 769 2416 injuriis
791 2330 883 2399 aeria
898 2322 1051 2421 parebat
1070 2326 1253 2412 maxime,
1270 2326 1463 2416 destructa,
1483 2350 1696 2427 novamque
1712 2324 1815 2425 polla
1827 2328 1876 2401 eb
1894 2324 2168 2423 metataocpbo·

536 2478 597 2555 lim
621 2465 1125 2571 pulvemlentoochraceam.
1152 2468 1295 2543 lelae
1309 2474 1433 2569 itaque
1449 2496 1553 2544 more
1567 2472 1719 2546 solidam
1733 2470 1873 2569 plumbi
1888 2472 2057 2571 galenam
2078 2474 2168 2547 areil

532 2620 740 2709 maiusculis
762 2620 979 2699 micantem,
997 2638 1072 2685 nou
1090 2616 1214 2685 rariter
1238 2614 1434 2713 inspersae,
1455 2615 1514 2689 sed
1531 2615 1661 2691 densae
1684 2632 1969 2715 compertaeque
1992 2616 2096 2691 inslar
2113 2642 2168 2691 at·

537 2766 669 2863 gillae,
690 2786 740 2835 ex
755 2765 929 2833 cinereo·
942 2763 1068 2829 incana
1085 2758 1227 2853 plumbi
1251 2759 1360 2827 ochra
1385 2762 1558 2843 obducit,
1580 2758 1636 2827 cui
1658 2759 1786 2829 arctius
1806 2752 2014 2831 cohaerenti
2038 2770 2075 2831 et
2092 2758 2166 2848 sere

529 2909 738 2991 induratae,
755 2920 928 3003 tanquam
953 2906 1092 2974 matrici
1103 2903 1123 2989 ,⁰
1133 2900 1362 2973 innascuntur
1389 2900 1595 2995 praedictae
1620 2900 1802 2973 lamellae.
1831 2898 2038 2975 Ochraceae
2061 2900 2165 2993 hujur

534 3068 651 3125 terrae
672 3050 815 3123 srullula
833 3048 1042 3143 complura,
1063 3045 1208 3153 cultello
1226 3044 1370 3127 abrasa,
1395 3046 1640 3141 emortuisque
1656 3046 1822 3139 imposita
1838 3044 2071 3133 carbonibus,
2093 3074 2165 3147 ope

533 3194 642 3267 soline
671 3194 806 3265 fibulae
840 3184 1348 3285 ierrrrminatoriaesabeque,
1361 3187 1440 3258 ullis
1467 3188 1696 3261 adminiculis
1719 3190 1821 3273 aliie,
1843 3192 1880 3263 in
1903 3190 2161 3285 plumbumil.

530 3339 604 3411 lico
626 3336 705 3410 sudi
737 3340 871 3409 iteratis
896 3336 1048 3407 vicibus.
1082 3336 1253 3405 Cinereut
1276 3334 1434 3427 primum
1458 3332 1504 3403 ad
1529 3332 1699 3405 flammae
1725 3332 1908 3431 cuspidem
1937 3338 1972 3407 in
1992 3336 2163 3411 lateritio·

535 3482 682 3557 rubmm
702 3496 862 3553 mutatur
885 3482 933 3551 eil
951 3478 1071 3563 color,
1088 3480 1202 3575 paulo
1223 3477 1300 3573 poll
1318 3476 1439 3563 lrrndi,
1459 3476 1585 3549 bullire
1605 3480 1641 3549 in
1661 3475 1885 3575 sphaericum
1905 3481 2040 3553 annulo
2061 3482 2161 3555 davd

532 3632 689 3701 cinctum
721 3642 759 3697 et
790 3622 1077 3717 resplendentem
1104 3620 1246 3715 plumbi
1273 3620 1435 3717 regulam
1465 3620 1612 3717 glebula
1635 3620 1763 3695 rubrae
1791 3620 1896 3710 hujus
1924 3640 2038 3696 terrae
2064 3626 2162 3703 abire

535 3772 671 3867 coepit.
695 3768 871 3863 Aliquam
892 3780 1037 3849 tamen,
1057 3780 1238 3861 utcunque
1257 3763 1463 3846 modicam,
1484 3763 1664 3836 calcareae
1677 3780 1790 3837 terrae
1801 3768 2063 3862 portiunculam
2075 3824 2085 3857 ,
2102 3774 2162 3845 vel

536 3913 620 3987 huic
639 3908 846 3983 adhucdum
872 3904 1003 3978 ochrae
1032 3904 1138 3979 inesse
1157 3906 1290 3979 debere
1298 3959 1319 3993 ,.
1340 3906 1423 3982 'trrde
1443 3906 1613 3990 conclusi,
1637 3909 1760 4006 quod,
1786 3906 1889 4005 snper
1910 3910 2021 3982 infusa
2041 3914 2163 3987 eidem

533 4080 629 4153 aqua
646 4054 752 4142 sorti,
771 4052 997 4144 complures,
1017 4052 1100 4125 licet
1115 4074 1293 4149 perquam
1312 4054 1483 4151 exiguae,
1501 4075 1548 4124 ex
1564 4052 1696 4125 eodem
1714 4052 1941 4125 efferbuerint
1966 4053 2134 4130 bullulae.
