5209 6609
1089 875 1450 914 ...-
2049 903 2092 976 ,7

421 1051 431 1056 ¹*
514 1073 632 1171 Supra
648 1079 722 1164 jam
738 1075 936 1148 iudicatum
956 1075 1042 1158 fuit,
1063 1078 1223 1150 minerae
1240 1074 1322 1148 huic
1344 1075 1480 1150 noslrae
1506 1099 1587 1148 cum
1610 1073 1700 1170 spati
1728 1077 1875 1148 calearei
1893 1090 2019 1148 natura
2045 1061 2091 1150 eo

462 1222 575 1292 etiam
597 1243 643 1290 ex
670 1222 788 1315 capite
815 1221 1009 1315 plurimum
1042 1227 1257 1309 convenire,
1282 1221 1383 1317 quod
1406 1221 1556 1316 perinde
1583 1237 1623 1292 ut
1645 1220 1732 1292 illud
1756 1219 1865 1292 acidis
1884 1218 2092 1294 effervescat

461 1363 705 1436 mineralibus.
740 1361 913 1436 Wallerii
937 1380 1032 1436 certe
1055 1363 1226 1438 sententia
1242 1364 1335 1437 haec
1356 1364 1403 1434 ell
1426 1363 1552 1435 Tomo
1578 1387 1612 1434 a.
1630 1387 1717 1460 pag.
1735 1363 1915 1456 307.No.
1931 1373 1967 1434 6.
1991 1361 2091 1440 Bor-

461 1511 520 1581 aii
533 1512 665 1595 etiam,
697 1506 823 1580 saltem
845 1510 883 1579 in
906 1512 1082 1580 varietate
1105 1508 1321 1582 flavescente
1341 1505 1546 1580 Cariuthiae
1574 1506 1672 1578 Part.
1694 1507 1781 1602 1.,p.
1798 1530 1862 1604 9⁰·
1891 1503 2091 1608 Seopolius

461 1666 584 1724 contra
599 1679 638 1748 p.
654 1673 737 1745 157·
749 1651 820 1756 No.
837 1679 871 1724 α’.
889 1649 1211 1726 nonesseruescere
1234 1655 1344 1726 acidis
1364 1651 1627 1725 Carintlriacam
1644 1649 2000 1748 lythargyriformem
2021 1652 2093 1728 sus·

468 1801 572 1881 tinet.
604 1791 865 1868 Brunaicltius
882 1821 968 1893 pag.
991 1820 1094 1882 ooo,
1117 1815 1154 1869 et
1171 1795 1372 1872 Gmelinur
1390 1797 1501 1868 Tom.
1521 1819 1559 1890 3.
1580 1819 1619 1890 p.
1642 1819 1727 1880 cao·
1756 1795 1950 1892 plumbum
1968 1796 2089 1893 spato·

459 1941 533 2012 sum
543 1993 556 2029 ,
575 1947 673 2028 cujus
689 1941 980 2038 demumcunque
999 1942 1129 2014 coloris
1149 1959 1211 2016 aut
1231 1944 1379 2050 figurae,
1399 1940 1508 2035 saepe
1529 1940 1727 2026 duntaxat,
1746 1941 1983 2035 nonsemper,
2008 1967 2092 2016 eum
2158 1985 2162 1998 ·

451 2081 571 2156 acidis
593 2083 822 2156 effervescere
840 2083 1001 2158 asserunt.
1040 2080 1309 2185 monsterius,
1338 2085 1382 2159 V
1376 2082 1525 2186 ogelius
1541 2101 1578 2154 et
1597 2085 1716 2178 plures
1735 2083 1795 2154 alii
1813 2086 1951 2157 nullam
1965 2062 2089 2158 dehac

457 2253 496 2300 re
516 2230 741 2300 mentionem
756 2227 903 2298 faciunt.
932 2224 1128 2330 Linnaeur
1146 2210 1305 2327 denique
1327 2255 1410 2302 eam
1432 2227 1586 2325 praecise
1614 2222 1724 2300 acidii
1746 2232 1888 2300 moveri
1914 2233 2091 2304 cuillima-

457 2375 534 2458 vit,
556 2392 651 2466 quae
666 2372 799 2467 Quarzi
816 2372 955 2464 polleat
977 2372 1093 2459 faeie,
1111 2373 1491 2469 hyaliua,pellucida·‚
1519 2373 1645 2455 rasilis3
1674 2373 1842 2470 reliquia,
1867 2375 1939 2448 stve
1959 2375 2089 2465 albae,
2148 2357 2154 2370 ”

456 2515 529 2586 five
548 2491 669 2589 flavae
685 2516 769 2588 dcio
787 2515 869 2602 llut,
888 2513 1170 2615 haudquaquam
1191 2517 1527 2604 effervescentibus,
1546 2531 1674 2612 utpote
1691 2516 1782 2588 fixis.

506 2805 590 2878 Hoc
608 2825 649 2881 ut
665 2810 766 2880 certis
787 2811 935 2906 taudem
960 2779 1148 2882 convictui
1164 2813 1420 2905 experimentis
1437 2811 1696 2904 comperirem,
1718 2805 1845 2905 etipse
1863 2809 1997 2882 fortem
2015 2811 2080 2884 lin·

453 2951 546 3047 gulis
562 2976 696 3048 aquam
712 2953 860 3026 adhibui
879 2954 1125 3072 varietatibus.
1154 2952 1306 3027 Guttam
1326 2955 1418 3026 acidi
1437 2953 1539 3042 hujus
1557 2954 1699 3026 calamo
1713 2970 1904 3048 exceptam
1915 2953 2089 3051 superim-

452 3093 557 3190 posui
575 3095 719 3169 diversa
737 3123 802 3193 per
821 3103 941 3186 vices,
957 3105 1032 3188 jam
1052 3100 1239 3193 crystallis,
1256 3104 1331 3187 jam
1349 3099 1525 3183 lamellis,
1547 3097 1674 3187 flavis,
1692 3097 1879 3186 uiridibus,
1900 3098 2025 3188 rubris,
2037 3102 2089 3174 al·

455 3237 530 3326 bis,
553 3242 1021 3333 comeo-cinerasceutibus,
1037 3242 1211 3340 hyalinis,
1234 3244 1433 3338 pellucidis,
1444 3241 1774 3314 metallicoloribus.
1804 3243 1905 3315 lllico
1923 3269 2088 3318 nonnun-

454 3409 564 3481 quam
584 3385 863 3459 effervescebant
881 3386 1108 3483 spumantes;
1127 3388 1323 3460 immobilis
1344 3389 1429 3458 alias
1448 3387 1595 3481 perstitit
1614 3401 1650 3457 et
1668 3389 1816 3456 excolor
1834 3385 1986 3482 desuper
2005 3405 2085 3486 gut·

452 3544 501 3600 ta.
530 3528 635 3602 Haesr
663 3531 932 3605 adnovitatem
955 3540 1004 3606 rei
1022 3532 1210 3628 tantisper,
1231 3531 1423 3602 observavi
1445 3508 1634 3624 deinceps,
1663 3527 1843 3602 defluxisse
1872 3529 1979 3626 saepe
2008 3531 2085 3604 sae·

453 3675 537 3772 pius
556 3677 736 3748 tantillum
753 3676 845 3750 acidi
862 3679 899 3749 in
916 3680 1130 3769 calcaream,
1148 3682 1203 3750 cui
1222 3677 1438 3762 insidebant,
1457 3677 1665 3762 matricem,
1690 3691 1750 3746 aut
1770 3677 1805 3746 in
1824 3697 2053 3771 margaccum
2071 3729 2084 3764 ,

452 3843 527 3915 que
540 3819 698 3894 obducta
713 3819 803 3894 haec
821 3822 949 3908 fuerat,
970 3823 1108 3906 lutum3
1126 3822 1274 3922 attigisse
1288 3782 1402 3896 ¹etiam
1423 3819 1602 3892 interdum
1620 3820 1767 3890 crullam
1785 3819 2085 3913 crystallino-dru-

450 3963 559 4040 licam
575 3963 664 4060 spati
685 3965 832 4036 oalcarci
842 3990 855 4046 ;
871 3983 933 4038 aut
951 3966 1104 4038 Zincum
1122 3969 1367 4042 ttalacriticum
1385 3963 1601 4038 nodulosum
1620 3925 1780 4049 niveum,
1796 3963 1895 4056 quod
1911 3987 2088 4060 perquam

451 4108 637 4204 copiosum
657 4107 906 4205 Bleybergae,
930 4111 967 4182 in
988 4109 1107 4192 Rabl,
1130 4115 1167 4184 iu
1193 4128 1320 4184 monte
1338 4107 1477 4184 Jauken
1504 4125 1640 4200 ctcaac
1667 4131 1853 4203 uunquam
1877 4131 1951 4179 non
1977 4109 2081 4180 acido

448 4255 531 4327 nitri
552 4270 746 4339 movetur,
764 4253 812 4326 ob
829 4255 1009 4326 admixtas
1028 4241 1182 4330 indubie
1195 4259 1370 4330 calcareas
1387 4253 1590 4351 particulas.
1620 4249 1775 4322 Avulsae
1803 4253 1908 4348 igitur
1945 4251 2012 4324 suis
2038 4254 2083 4326 de

434 4397 1108 4507 ⁴tuatricibuacryslalloa,lflamcllasque
1131 4406 1262 4476 iterato
1280 4400 1411 4489 subieci
1433 4398 1603 4480 examini,
1630 4394 1836 4493 Hexagono
1851 4393 2086 4491 ·prismaticae

448 4543 583 4616 virides
608 4569 655 4616 nc
672 4547 862 4621 minimam
881 4569 1042 4640 uuquam
1068 4545 1141 4620 live
1168 4543 1498 4628 effervescentiam,
1525 4543 1759 4626 irremotum
1786 4565 1867 4613 cum
1884 4565 1978 4636 aqua
1996 4543 2081 4616 forti

450 4687 699 4783 prodiderunt.
725 4689 829 4760 Idem
843 4690 951 4784 plane
969 4689 1135 4776 effectus,
1154 4707 1217 4763 aut
1235 4697 1364 4786 potius
1379 4715 1453 4762 non
1470 4687 1616 4760 effectus
1638 4701 1738 4768 erat,
1756 4689 1898 4782 quoties
1910 4687 2088 4761 flavava·

448 4837 555 4906 rictas
574 4831 740 4909 adbibita
757 4835 846 4920 fuit,
864 4835 1028 4907 nondum
1045 4833 1228 4925 fatiscens,
1245 4841 1323 4909 imo
1346 4859 1490 4919 recens,
1509 4835 1647 4920 nitens,
1672 4832 1863 4927 omnisque
1883 4847 1947 4902 aut
1963 4833 2087 4904 xcalca·

449 5003 557 5066 rcae,
575 4995 637 5052 aut
658 4980 869 5076 argillaceae
891 4978 1069 5075 spurcitiei
1089 5003 1202 5073 pura,
1223 4981 1347 5076 quodsi
1369 4980 1519 5052 socculis
1536 4975 1625 5048 lracc
1643 4978 1756 5072 magis
1773 4981 1941 5050 minusve
1959 4975 2085 5065 oblita,

447 5147 515 5194 nec
531 5123 606 5197 lota
622 5127 721 5220 prius
739 5125 829 5207 suit,
849 5129 972 5221 utique
992 5123 1066 5206 his,
1087 5149 1161 5194 non
1178 5125 1251 5210 illi,
1279 5149 1374 5220 quae
1399 5123 1515 5196 subito
1545 5119 1578 5192 se
1597 5120 1861 5234 manifestarent
1882 5118 2086 5216 spumantes

447 5265 630 5356 bullulae,
648 5269 907 5342 attribuendae
930 5285 1041 5346 erant.
1069 5268 1193 5342 Grana
1219 5291 1368 5366 quoque
1396 5269 1624 5364 crystallina,
1652 5263 1855 5338 inordinate
1880 5265 2085 5338 octoadrica

447 5411 592 5506 plumbi
611 5411 738 5510 spatofi
758 5413 877 5502 rubri,
894 5429 932 5486 et
952 5417 1248 5500 octodecaidrica
1268 5415 1445 5513 regularia
1462 5414 1575 5502 flavi,
1598 5407 1801 5506 diapbana,
1819 5412 2007 5510 diligenter
2023 5435 2085 5482 arr·

1652 5553 1681 5626 C
