5209 6609
1041 847 1422 904 2¹¹-
2002 801 2105 952 63.

1087 893 1428 926 ··“-·····-···-·-ν·ι

419 1053 580 1152 sepultae
605 1069 642 1125 et
667 1051 895 1140 incrustatae,
918 1074 985 1148 per
1003 1063 1288 1147 trenepareutem
1305 1049 1463 1147 praecise
1480 1048 1881 1145 drusun-crystallinum
1903 1049 2050 1128 crustam

419 1199 626 1273 obsoletiuri
645 1200 767 1274 colore
783 1199 943 1274 flavente
959 1199 1167 1274 uauceent.
1199 1193 1366 1302 Romuleo
1388 1200 1499 1270 etlam
1521 1194 1719 1292 specimen,
1744 1200 1781 1268 in
1801 1221 1876 1293 quo
1904 1197 2052 1292 oblique

421 1368 540 1442 aeque
555 1369 597 1417 ac
611 1345 936 1421 reete'erllantium
950 1345 1196 1440 crystallorum
1214 1343 1555 1420 octodecaedrarum
1580 1367 1662 1438 pare
1687 1340 1845 1437 superior
1865 1343 1974 1418 erulla
1997 1359 2052 1416 te·

347 1485 356 1496 ’
418 1491 482 1562 nui
506 1488 592 1562 alba
617 1489 802 1563 calcaren-
813 1490 974 1588 spatose,
994 1491 1149 1566 seccheri
1180 1491 1366 1586 crystallini
1392 1493 1514 1578 velut,
1541 1490 1701 1564 obducta
1725 1489 1803 1564 fuir
1816 1503 1924 1576 tota,
1947 1503 2061 1585 purte

415 1637 613 1712 earundem
628 1637 797 1710 msenore
805 1637 952 1735 semper
968 1639 1064 1712 nuda
1081 1630 1262 1726 exillente,
1276 1638 1463 1712 mauisello
1479 1642 1604 1735 utique
1621 1637 1766 1724 indicio,
1784 1634 1955 1707 stillicidio
1971 1659 2050 1710 me·

415 1784 531 1853 tersae
551 1806 784 1855 marmoreo·
794 1784 954 1882 spatulae
971 1788 1120 1876 fluidae,
1145 1812 1262 1884 nuper
1276 1787 1472 1874 duntaxat,
1495 1777 1679 1858 incrustata
1693 1781 1792 1856 suille
1803 1780 2051 1876 eryllallonrm

417 1927 719 2028 plumbisererum
734 1933 1045 2026 prae-existentium
1060 1935 1206 2025 dorsa,
1208 1959 1283 2007 ιιοιι
1299 1939 1441 2033 partem
1458 1959 1481 2006 a
1496 1920 1669 2005 stillicidio
1682 1929 1855 2004 eversam.

861 2258 871 2282 ‘
979 2274 983 2282 ’
1120 2251 1369 2366 XXXIII,

414 2590 698 2698 Plumbum
710 2599 989 2738 spatcssem
1008 2601 1227 2740 fusorem
1261 2598 1610 2738 stubsatr'seens
1648 2590 2048 2746 crystallffatum,

553 2781 806 2930 ‘crystallis
828 2780 1199 2887 octodecaedrr's
1212 2783 1576 2923 planirffculrlr,
1617 2783 1671 2890 ln
1692 2781 1902 2947 cellulum
1919 2778 2050 2881 ordl-

554 2952 712 3069 'na'tie
747 2953 877 3069 Tabss
898 2964 1029 3070 XII.
1049 2967 1163 3108 Fz'g.
1190 3000 1269 3108 29.

411 3320 546 3450 Hanc
564 3393 731 3468 quoque,
749 3395 823 3444 non
851 3387 927 3442 tam
954 3369 1030 3466 ipsa
1055 3395 1112 3460 re,
1139 3387 1177 3443 et
1200 3369 1506 3468 erynallisarione,
1525 3391 1635 3466 quam
1662 3369 1903 3464 crysallorum
1931 3371 2052 3463 potius

411 3513 755 3587 octodecaedrarum
776 3512 945 3585 celluloso
968 3513 1056 3600 fitu,
1088 3500 1134 3585 eb
1151 3515 1229 3586 aliis
1247 3514 1421 3588 hactenus
1444 3517 1683 3600 enumeratis,
1711 3511 1889 3586 diversam
1908 3513 2048 3608 plumbi

402 3657 538 3756 spatoli
557 3657 646 3730 slavi
670 3660 906 3745 varietatem,
932 3671 1038 3729 vetus
1054 3655 1110 3728 St.
1131 3655 1294 3730 Mathaei
1320 3656 1381 3730 suo
1407 3662 1443 3729 in
1464 3659 1536 3730 srnu
1555 3658 1661 3730 fovet
1684 3655 1822 3728 so'dlnu.
1845 3655 1900 3728 lta
1924 3671 2047 3728 autem

411 3800 696 3875 octodecaiidrae
713 3799 1090 3897 plano-compressae,
1103 3826 1224 3899 neque
1241 3801 1442 3876 admodum
1460 3801 1586 3876 erallue
1603 3801 1767 3898 eryllulli,
1785 3800 1872 3872 dum
1889 3823 1910 3872 a
1929 3798 2058 3906 fluidi--

408 3949 491 4019 tatis
515 3947 563 4016 ad
585 3945 771 4018 soliditatis
796 3946 1025 4033 transerunt,
1053 3945 1179 4017 [lutum
1204 3944 1331 4040 super,
1360 3947 1520 4019 culcareo
1549 3948 1656 4018 toties
1679 3943 1850 4032 laudato,
1880 3943 2044 4015 ordinate

410 4089 658 4176 constiterunt,
673 4104 716 4160 ut
733 4083 938 4182 aliaesuper
954 4087 1113 4160 allarsub
1131 4111 1205 4184 quo
1215 4088 1509 4188 demumcunque
1532 4089 1720 4160 inlillerent
1731 4087 1884 4184 angulo,
1902 4084 2045 4183 seseque

400 4253 529 4309 mutuo
538 4228 1062 4349 decullarentmtsdecull'aplone
1071 4233 1347 4329 intercapedinis
1358 4223 1492 4305 interse
1501 4234 1740 4329 relinquerent
1749 4232 1882 4304 cellulis
1892 4234 2043 4304 omnino

408 4403 587 4478 perquam
605 4379 811 4450 simillimas
835 4375 1015 4473 crystalli,
1034 4399 1126 4474 quue
1144 4377 1351 4450 cellularum
1366 4376 1525 4451 formant
1535 4379 1709 4474 panetes
1733 4373 2043 4450 atrosubrubentes

409 4526 468 4598 seu
488 4523 628 4608 fuscae,
635 4525 771 4595 nitoris
793 4539 982 4618 expertes,
1011 4537 1049 4597 er
1066 4545 1216 4619 opacae.
1242 4519 1358 4597 Fuisse
1375 4539 1496 4595 autem
1515 4521 1701 4618 quondam
1721 4521 1857 4609 flavas,
1877 4511 2045 4606 nitentes,¹

406 4676 444 4743 e't
466 4667 689 4766 diaphanas,
713 4690 760 4740 eo
778 4669 1041 4764 cumprimisex
1054 4669 1180 4763 capite
1190 4691 1263 4738 non
1284 4665 1437 4763 suspicor
1452 4665 1588 4759 modo,
1615 4655 1677 4739 sed
1695 4683 1807 4739 certus
1829 4671 1937 4740 etiam
1955 4631 2045 4754 sum,

411 4813 550 4912 quod
540 4838 575 4884 ιιι
601 4811 764 4884 diffracto
783 4811 906 4908 lapide
924 4827 1040 4886 matre
1057 4809 1220 4908 sparsas
1211 4815 1334 4884 inveni
1356 4837 1423 4907 per
1438 4815 1614 4883 internum
1638 4811 1799 4902 ejusdem
1818 4808 2045 4884 substantiam

409 4957 537 5031 similes
550 4959 658 5053 plane
670 4983 681 5041 3
702 4957 929 5055 llrnlliterque
948 4956 1118 5054 figuratae
1138 4957 1318 5052 eryllallos
1335 4981 1408 5029 nou
1421 4981 1576 5054 paucas,
1598 4980 1692 5053 quae
1714 4955 1855 5044 flavae,
1877 4958 2044 5045 nitentes,
2106 5045 2111 5054 Ι

408 5118 446 5174 et
461 5101 668 5198 diuplranae
690 5117 809 5192 erant,
830 5104 913 5175 licet
929 5101 1093 5193 ejusdem
1110 5118 1192 5176 cum
1211 5101 1392 5198 prioribus
1399 5155 1410 5190 ,
1426 5119 1487 5174 aut
1504 5103 1750 5198 provectioris·
1765 5105 1876 5173 etium
1896 5103 2043 5180 aetatisz

406 5262 445 5318 ut
464 5245 620 5319 ‹luibitari
643 5245 799 5345 denique
818 5263 999 5345 nequeat,
1020 5245 1242 5344 squalentem
1265 5245 1422 5334 huncce,
1444 5225 1701 5320 etobseletum
1722 5247 1960 5344 crystallorum
1981 5262 2041 5312 co·

403 5389 522 5466 lorem
540 5415 615 5536 uoq
647 5408 724 5466 tam
744 5391 791 5467 ab
807 5393 1005 5467 earundem
1031 5408 1151 5468 aetate
1173 5392 1360 5490 (quamvis
1381 5407 1417 5466 et
1437 5409 1536 5467 aetas
1555 5392 1601 5465 ad
1622 5390 1694 5466 hoc
1711 5391 1828 5466 facere
1851 5385 1956 5483 poffit
1978 5388 2041 5459 ali·
