5209 6609
554 758 607 842 66
1185 762 1595 891 ,a

557 974 751 1075 rergentia
769 972 1113 1074 parallelogramma
1126 978 1221 1052 inter
1237 976 1282 1054 l'e.
1290 978 1482 1077 aequalia,
1498 980 1616 1059 donee
1632 980 1725 1059 binia
1745 986 1826 1065 atta
1838 984 2065 1070 brevioribua
2083 988 2201 1083 paral·

555 1120 871 1261 lelogrammia‚·a
887 1116 1056 1218 suprema
1079 1124 1185 1204 attrei
1204 1124 1287 1199 arie
1306 1122 1412 1201 inllar
1432 1124 1627 1222 planomm
1653 1130 1907 1208 inclinatorum
1933 1129 1980 1207 tle
2006 1130 2200 1224 duenubua

557 1264 785 1346 damnarint.
1381 1300 1386 1314 ’

1252 1508 1511 1623 XXXV.

561 1764 1132 1960 I'Iunrbumspatosum
1159 1769 1328 1923 dr'lute
1344 1814 1582 1923 citrznum
1606 1738 2195 1957 crystallum-:drusiam

714 2002 847 2106 Tab.
871 2001 1031 2105 XIII.
1055 2000 1270 2143 Faggr.
1290 2034 1349 2120 a,
1378 1994 1428 2105 b.

613 2312 680 2391 Ea
695 2304 996 2417 eademsodirra.

564 2534 646 2671 Sir
667 2583 850 2683 appellare
880 2580 987 2659 libuit
1008 2576 1105 2657 bana
1128 2578 1272 2677 plumbi
1297 2578 1423 2679 spatnfi
1437 2572 1676 2663 tradentem.
1702 2580 1875 2679 Quodam
1903 2584 2001 2659 enim
2025 2578 2199 2662 iddneum

563 2730 682 2827 magia
690 2780 704 2817 ,
722 2750 835 2825 quam
852 2724 1058 2817 densanda,
1074 2726 1203 2811 demur
1221 2728 1564 2825 nomencryllallir,
1583 2752 1679 2825 quae
1697 2747 1772 2804 nun
1795 2727 1910 2804 solum
1930 2728 2120 2801 ‘roniartint
2138 2750 2202 2799 na·

558 2890 629 2956 ,tae
644 2871 745 2961 lunt,
769 2870 831 2949 ted
846 2876 1028 2948 'cannatae
1047 2874 1184 2959 etiam,
1207 2872 1286 2946 imo
1307 2857 1530 2948 conduentea
1549 2874 1592 2946 in
1612 2896 1721 2953 unam
1740 2872 1843 2945 velut
1857 2870 2004 2944 amiam
2024 2868 2202 2965 glandulis

568 3016 787 3104 tuberculis,
814 3015 1010 3088 noduliave
1022 3014 1268 3091 eminentibus
1283 3012 1475 3109 asperam?
1498 3013 1596 3088 Nam
1613 3016 1782 3109 quamvis
1801 3036 1924 3085 earum
1940 3012 2157 3101 nonnullae,
2181 3036 2204 3089 a

565 3159 715 3255 reliquia
741 3156 889 3236 avulsae
913 3157 1113 3254 Singulatim
1137 3156 1411 3253 percalcareum
1426 3155 1587 3251 lapidem
1606 3155 1742 3252 sparsae
1765 3158 2012 3243 inveniantura
2034 3160 2203 3253 quamvis

571 3316 759 3398 abactam
778 3301 945 3391 eaedem,
961 3318 999 3375 et
1018 3300 1135 3376 fortan
1149 3302 1343 3399 pleraeque
1363 3322 1504 3411 omnen,
1521 3302 1542 3373 li
1561 3302 1704 3395 penitus
1725 3318 1866 3387 armato
1882 3296 2204 3395 inspicianturocu·

570 3448 635 3533 lu,
654 3444 845 3535 cubicum,
866 3460 929 3519 ant
943 3442 1045 3525 baud
1059 3446 1251 3522 multuma
1262 3443 1388 3521 anubim
1401 3442 1580 3528 diversam
1597 3447 1632 3517 in
1645 3442 1938 3540 eryllallilationir
1954 3444 2209 3521 iactaeinlian·

568 3592 598 3667 ti
617 3606 745 3665 nactae
764 3588 830 3665 bna
844 3588 1010 3687 figuram,
1029 3604 1153 3664 tamen
1170 3590 1256 3685 quia
1274 3592 1393 3677 major
1409 3588 1606 3671 earundem
1624 3612 1705 3685 para
1722 3610 1786 3684 per
1802 3587 1998 3689 phalangae
2011 3590 2113 3661 velut
2131 3588 2203 3663 dia-

558 3732 726 3821 -uibura,
755 3733 904 3829 proprio
933 3754 1102 3829 quaeque
1132 3732 1216 3805 loeo
1241 3733 1454 3809 cumulatius
1479 3748 1714 3833 aggregatae,
1741 3748 1843 3827 parte
1865 3732 1915 3805 sui
1947 3735 2069 3831 aliqua
2091 3734 2202 3805 etiam

571 3891 751 3954 cannatae
780 3878 995 3983 angulorum
1019 3899 1171 3974 quoque
1199 3874 1396 3953 solidorum
1428 3878 1547 3972 apices
1578 3876 1711 3965 abrai,
1742 3890 1779 3950 et
1805 3876 2008 3951 lateralium
2036 3900 2200 3951 areamm

569 4024 667 4095 acies
681 4020 836 4095 detritae
860 4016 962 4107 lunt,
978 4034 1089 4117 atque
1113 4018 1200 4093 inde
1218 4020 1461 4117 crytaltorum
1487 4021 1699 4121 lingularum
1721 4020 1914 4098 verticibua
1937 4015 2201 4115 sphaeroidira,

571 4180 636 4241 aut
661 4185 735 4259 qua
754 4161 905 4239 demum
924 4184 1068 4261 cunque
1088 4164 1231 4237 ratione
1249 4164 1445 4237 rotundata
1461 4162 1709 4259 superinducta
1725 4164 1773 4239 eil
1791 4164 2023 4252 convexitas,
2041 4162 2203 4237 inerulla·

568 4326 647 4386 tutn
661 4304 798 4386 neate
811 4308 860 4383 eli
876 4308 1039 4384 diaamm
1051 4306 1252 4392 aalaareum
1267 4306 1427 4403 lapidem
1446 4306 1659 4405 glanduloso
1675 4310 1830 4396 cortice,
1846 4306 1905 4383 seu
1924 4322 1964 4381 ut
1977 4306 2200 4403 erprellione

570 4468 650 4529 utar
661 4454 784 4527 minua
803 4450 954 4549 quidem
968 4450 1101 4537 latina,
1121 4455 1159 4525 in
1174 4452 1414 4551 mineralogia
1430 4468 1553 4525 tamen
1569 4456 1717 4527 civitate
1730 4454 1807 4542 lam
1823 4452 1980 4543 donata,
2001 4450 2108 4523 crulla
2124 4473 2201 4547 cry·

571 4594 876 4683 dadino-drufica,
894 4590 1098 4693 diapbana,
1113 4594 1227 4669 diluta
1246 4597 1384 4685 citrina,
1404 4612 1441 4671 et
1456 4604 1606 4671 nitente.
1615 4594 1738 4671 Multo
1751 4586 1950 4694 ele'gantior
1964 4592 2032 4667 hac
2051 4594 2141 4667 nell
2161 4594 2205 4665 il-

570 4734 653 4827 lab,
662 4756 700 4814 et
718 4738 793 4836 ipsa
809 4737 1160 4837 martianinum
1179 4738 1317 4837 plumbi
1335 4740 1463 4835 lpatoll
1487 4742 1601 4815 citrini
1619 4746 1795 4823 varietarr
1817 4742 1853 4815 in
1874 4762 1947 4836 qua
1965 4737 2096 4827 crustae
2113 4738 2203 4811 emi·

571 4885 718 4959 nentiae
735 4908 811 4957 non
827 4882 1025 4958 nodulosae
1042 4899 1079 4959 et
1102 4906 1292 4962 convexae
1310 4880 1410 4967 sunt,
1431 4883 1492 4957 sed
1509 4884 1664 4983 stragulae
1687 4886 1723 4957 in
1744 4882 1893 4981 lingulas
1914 4882 2118 4957 dimidiatas
2137 4880 2203 4971 ab·

570 5043 659 5101 eunt
679 5026 995 5101 octodemadncn
1011 5026 1192 5123 cryliallm
1208 5030 1380 5127 exiguae,
1407 5032 1482 5106 acie
1500 5026 1637 5101 laterali
1656 5028 1812 5102 carinata
1832 5030 2107 5123 uniuacujuaque
2133 5022 2204 5097 l'ur·

545 5163 551 5175 ⁸
569 5170 650 5245 sum
673 5169 846 5267 spectant.
869 5170 1032 5247 indicare
1058 5169 1154 5245 bana
1177 5168 1372 5261 suffecerit,
1403 5189 1513 5268 atque
1531 5168 1663 5270 Figura
1680 5194 1748 5267 3¹·
1765 5164 1789 5249 b
1807 5170 2028 5247 delineatam
2043 5166 2203 5245 exhibui.

574 5314 665 5409 Quia
688 5318 789 5389 enim
802 5318 1022 5391 varietatum
1038 5318 1204 5391 omnium
1219 5316 1399 5393 recenseat
1421 5314 1664 5403 variationea?
