5209 6609
1039 981 1420 1004 ···---—·
2004 955 2044 1025 61

410 1155 477 1214 xat
492 1137 624 1228 videri,
633 1156 755 1213 mente
762 1143 874 1214 etiam
883 1137 1037 1240 concipi,
1047 1137 1107 1214 sed
1118 1141 1240 1238 lingua
1247 1139 1544 1240 haudquaquam,
1561 1161 1622 1216 aut
1635 1150 1698 1218 vix
1708 1150 1865 1245 exprimi
1876 1147 2049 1246 satispot·

408 1278 482 1366 estr
500 1278 591 1353 haec
608 1281 706 1354 enim
721 1305 813 1355 vero
824 1297 1012 1354 momenta
1021 1282 1121 1354 simul
1130 1283 1255 1353 omnia
1273 1279 1355 1352 satis
1370 1286 1605 1382 praegnantia
1624 1282 1713 1355 mihi
1732 1282 1807 1358 visa
1823 1285 1913 1374 sunt,
1931 1259 1970 1359 ut
1988 1289 2050 1362 vel

409 1421 572 1494 invitum
582 1446 643 1495 me
653 1435 691 1493 et
701 1396 936 1493 reluctantem
952 1420 1000 1492 ad
1015 1421 1193 1518 specimen
1204 1417 1317 1493 hocce
1330 1419 1589 1516 publicandum
1605 1441 1894 1513 commoverent,
1911 1449 1956 1498 ne
1970 1450 2052 1499 eru·

409 1556 498 1632 ditia
517 1562 554 1633 id
568 1563 678 1660 longe
685 1554 984 1656 elegantissimum
1000 1575 1111 1655 atque
1127 1560 1162 1629 in
1181 1581 1312 1658 genere
1328 1556 1390 1630 suo
1406 1557 1523 1630 forsan
1534 1563 1677 1632 unicum
1689 1560 1892 1636 subtrahere
1902 1564 2050 1638 voluisse

408 1697 568 1772 viderer.
587 1698 671 1773 Fuit
680 1715 802 1772 tamen
812 1715 1010 1794 praeterea,
1025 1715 1065 1768 ut
1076 1721 1121 1771 ne
1129 1697 1328 1794 quidquam
1339 1695 1605 1786 dissimulemus,
1622 1715 1658 1773 et
1674 1703 1744 1776 alia
1759 1683 1940 1792 ret'causa,
1949 1705 2048 1800 apud

407 1857 472 1908 me
484 1833 578 1926 sane,
588 1853 768 1934 utcunque
778 1835 929 1909 sentiant
939 1837 1012 1923 alii,
1030 1835 1202 1930 ponderis
1212 1858 1395 1932 nunquam
1409 1860 1482 1909 non
1492 1841 1656 1929 maximi,
1673 1838 1802 1914 scilicet
1819 1844 1918 1938 quod
1937 1847 2049 1915 iumi-
2195 1841 2208 1864 ⁴

408 1975 625 2074 neralogicie
644 1975 847 2048 intruetur
863 1972 1082 2072 specimina,
1101 1974 1184 2046 licet
1202 1974 1340 2046 vilioris
1359 1997 1618 2072 nonnunquam
1638 1977 1817 2074 aspectus,
1837 1980 1978 2077 semper
1994 1999 2047 2055 ta-

411 2135 502 2184 men
523 2112 725 2208 praeseram
743 2111 997 2210 speciotittunn
1014 2114 1114 2200 aliie,
1132 2135 1198 2208 per
1218 2135 1312 2207 quae
1328 2111 1521 2210 litterariae
1537 2117 1587 2186 rei
1606 2116 1768 2190 utilitatis
1784 2117 1930 2192 accedat
1948 2119 2046 2190 nihil.
2163 2154 2168 2160 ·

408 2247 450 2321 In
470 2249 666 2346 specimine
681 2251 812 2338 nostro,
827 2251 894 2357 etii⁴
906 2267 1096 2323 momento
1116 2252 1292 2347 temporie
1311 2237 1634 2346 crystallisatiorrem
1651 2253 1772 2351 reapse
1792 2280 1960 2347 omnem,
1976 2257 2048 2331 live

406 2387 679 2478 conluuione,
703 2389 977 2487 coagulatione,
1004 2403 1067 2462 aut
1089 2390 1303 2461 attractione
1324 2395 1449 2462 natura
1475 2391 1684 2488 perfecerit,
1712 2411 1752 2468 ut
1767 2393 1922 2491 praecise
1938 2413 2049 2492 prout

408 2527 493 2624 plue
518 2545 582 2602 aut
607 2531 727 2604 minue
748 2526 879 2601 mall'ae
902 2527 1035 2600 fluidae
1059 2519 1337 2625 crystallisandae
1362 2527 1500 2626 singulis
1526 2534 1562 2602 in
1588 2535 1731 2628 punctis
1757 2537 1893 2624 extitit,
1917 2535 2047 2608 eadem

340 2659 354 2676 ‘
410 2691 564 2764 quoque
580 2672 721 2741 ratione
737 2670 915 2766 cryliallua
940 2671 1090 2766 quaevis
1107 2685 1169 2741 aut
1185 2671 1320 2757 major,
1341 2684 1402 2739 aut
1417 2671 1556 2758 minor,
1575 2671 1715 2768 gracilis
1731 2676 1866 2771 magis,
1888 2689 1949 2746 aut
1959 2671 2047 2746 cras·

410 2805 498 2895 lior,
531 2796 690 2904 depressa
707 2812 843 2906 magia,
869 2824 932 2880 aut
947 2811 1063 2905 magia
1087 2805 1324 2902 protuberans
1340 2803 1484 2878 exiliere
1501 2807 1685 2896 debuerit,
1711 2825 1834 2882 tamen
1852 2813 1875 2883 sr
1892 2833 1966 2884 non
1983 2837 2047 2884 ve·

409 2969 510 3033 ram,
534 2949 611 3017 veri
628 2963 723 3018 certe
743 2946 892 3017 ssmilem
912 2943 1204 3041 eryliallisationis
1222 2944 1538 3018 octodecaedricae
1557 2947 1753 3046 imaginem
1770 2948 1961 3034 efformare
1981 2974 2047 3022 no·
2178 2989 2182 2998 ·

270 3141 278 3154 .
409 3087 463 3161 bia
481 3086 650 3160 videmur
672 3083 772 3182 posse
792 3086 975 3182 aliquam,
1001 3086 1062 3157 vel
1086 3107 1134 3155 ex
1156 3081 1229 3156 sola
1254 3081 1455 3180 speciminis
1479 3083 1582 3172 hujus
1603 3085 1795 3161 inllruetivi
1816 3085 2046 3183 inspectione,

407 3229 443 3300 in
461 3251 535 3325 qua
549 3249 616 3323 per
633 3223 764 3321 gradus
780 3222 1014 3296 intermedios
1032 3245 1159 3294 omnes
1178 3221 1359 3318 crystallos
1379 3247 1400 3294 a
1421 3224 1573 3294 minima
1591 3222 1814 3298 crassitudine
1834 3241 1871 3298 et
1896 3225 2047 3298 densita·
2083 3228 2086 3236 “

409 3383 446 3440 te
461 3363 509 3440 ad
528 3365 729 3470 maximam
746 3363 935 3436 cernimur.
962 3359 1053 3432 Sunt
1067 3363 1166 3432 enim
1180 3377 1325 3456 praeter
1342 3361 1513 3460 pauculae
1533 3363 1741 3460 irregulares
1758 3364 1909 3438 tabellas
1927 3365 2047 3461 plum-

406 3504 443 3580 bi
461 3501 590 3603 spatofi
621 3509 672 3586 (i
688 3497 795 3576 XIX.
811 3499 843 3572 F
844 3502 890 3598 ig.
915 3523 928 3571 ι
931 3500 995 3592 5.)
1012 3498 1195 3586 laminosi,
1213 3497 1318 3596 lbper
1333 3499 1494 3573 calcareo
1510 3501 1617 3572 toties
1629 3501 1705 3588 jam
1722 3498 1912 3588 recensito,
1929 3519 2063 3610 tener-¹

405 3646 499 3717 rima
523 3637 659 3714 rursum
674 3639 821 3714 'instrato
839 3637 949 3710 crusia
967 3636 1056 3734 spati
1072 3637 1222 3710 calcarei
1240 3637 1401 3710 drulico·
1412 3636 1585 3710 nodulosa
1594 3692 1608 3728 ,
1632 3639 1760 3712 laetius
1780 3637 1960 3728 llavente,
1982 3659 2046 3716 aut

404 3783 512 3854 aliter
527 3784 643 3878 picta;
668 3777 729 3852 sed
743 3776 814 3852 hae
831 3801 924 3852 nrurc
939 3801 962 3850 a
977 3801 1014 3850 re
1038 3791 1125 3852 mea
1148 3777 1335 3876 proposita
1360 3777 1492 3850 directe
1517 3799 1592 3851 uon
1617 3775 1705 3850 sunt.
1739 3775 1832 3850 Sunt
1854 3751 1966 3874 porro
1990 3782 2042 3854 la·

403 3921 536 3994 mellae
551 3934 756 4016 octogenae
774 3914 916 4010 spatoso
931 3914 1152 4012 plumbeae
1170 3915 1267 3990 adeo
1285 3915 1463 4002 tenellae,
1484 3930 1525 3988 ut
1548 3912 1706 3988 subtilius
1722 3915 1791 3988 illis
1810 3919 1958 4013 cogitari
1977 3923 2043 3992 vir

402 4055 509 4156 possit
525 4057 682 4154 aliquid;
706 4054 776 4128 hae
801 4078 876 4127 non
901 4051 1169 4150 subdiapbanae
1193 4052 1309 4127 modo
1325 4050 1423 4140 sunt,
1451 4052 1511 4126 sed
1535 4051 1827 4148 pellucidiil'rmae
1844 4057 1976 4146 etiam,
2001 4075 2042 4130 ut

401 4201 436 4269 in
453 4199 547 4270 rivo
561 4197 761 4294 exemplari
777 4191 927 4266 crustam
943 4217 1091 4292 quoque
1106 4217 1197 4266 mon
1215 4191 1369 4279 dictam,
1397 4193 1489 4264 inira
1506 4217 1568 4264 eae
1585 4193 1705 4282 litam,
1728 4189 1827 4264 haud
1852 4193 2041 4268 difficulter

399 4360 465 4434 per
478 4360 541 4410 ear
560 4334 710 4418 videam
737 4337 854 4406 nitore
869 4331 1096 4429 resplendent
1112 4333 1373 4430 praecellente,
1396 4329 1581 4406 decolore
1599 4353 1688 4404 reto
1707 4327 1868 4422 dubites,
1900 4358 1947 4406 an
1975 4333 2039 4407 fla-

402 4497 469 4548 vae
487 4472 625 4562 adbuc,
651 4487 714 4546 aut
729 4477 802 4558 iam
818 4473 1026 4560 excoloree,
1056 4489 1094 4546 et
1112 4469 1276 4568 hyalinae
1303 4471 1421 4559 rurae,
1448 4469 1543 4544 adeo
1569 4469 1734 4558 modica,
1765 4472 1841 4542 imo
1862 4470 2038 4547 levissima

402 4615 535 4686 tinctae
543 4611 621 4685 sunt
630 4609 826 4683 flavedine.
849 4609 1374 4706 Interjacentbianonampliua
1384 4609 1553 4682 lamellae
1567 4625 1782 4706 octogonae,
1798 4607 1857 4682 sed
1873 4633 1920 4682 ex
1936 4627 2038 4684 orto·

400 4753 506 4850 gonir
523 4751 625 4824 velut
641 4749 760 4822 factae
780 4747 927 4845 crystalli
946 4747 1250 4838 octodecaidrae,
1272 4729 1424 4846 quarum
1442 4745 1627 4822 crassitudo
1643 4746 1738 4820 adeo
1753 4745 1870 4820 adhuc
1893 4749 2039 4824 modica
2121 4796 2125 4806 ,

396 4889 468 4980 ett,
491 4892 616 4964 utrix
630 4886 775 4962 aliunde
793 4913 877 4962 eam
893 4885 1100 4986 dignoscar,
1114 4913 1211 4962 acer
1220 4887 1400 4978 ambitus,
1422 4887 1481 4962 seu
1503 4889 1627 4962 extimi
1645 4859 1816 4986 marginis
1830 4884 2038 4962 saturatiore

401 5031 545 5118 colore,
568 5033 782 5124 minoreque
805 5025 941 5100 ibidem
967 5031 1245 5122 transparentia,
1271 5045 1423 5126 propter
1445 5026 1721 5124 multiplicatam
1737 5027 1773 5098 in
1790 5025 2037 5125 multiplicatis

402 5169 563 5241 ambitur
576 5165 827 5266 superficiebus
844 5139 1117 5254 resractionem‚
1139 5183 1176 5242 et
1191 5191 1281 5266 quas
1296 5167 1494 5264 eryllalloa,
1520 5165 1615 5240 disco
1630 5169 1746 5264 magia
1760 5181 2036 5264 transparenter,

399 5330 509 5404 quam
529 5305 689 5398 ambitu,
713 5305 919 5380 senellratas
935 5301 1035 5379 haud
1050 5309 1177 5397 injuria
1192 5307 1301 5380 dicar.
1340 5307 1501 5404 Concipe
1522 5309 1597 5396 jam
1613 5306 1798 5400 lamellam
1814 5323 2034 5406 octogonam

350 5449 355 5456 ’
401 5447 571 5541 quamvis
589 5448 713 5529 motui
725 5447 836 5520 centri
853 5443 995 5542 semper
1007 5448 1182 5545 parallele
1199 5449 1365 5543 utrinque
1380 5445 1509 5536 liuere,
1536 5463 1574 5522 et
1597 5463 1773 5545 quantum
1790 5447 1899 5519 centri
1918 5443 2037 5518 fluxus
