5209 6609
557 853 609 929 34

560 1039 691 1108 rimam
712 1033 959 1106 dehiscentem
977 1035 1198 1123 declivibus,
1212 1054 1250 1110 et
1272 1039 1410 1112 vallem
1431 1039 1672 1135 profundam,
1692 1043 1857 1136 amplam
1870 1041 2192 1136 intercipientibus.

556 1180 668 1273 Quod
695 1178 743 1251 ad
767 1196 992 1252 memoratos
1011 1179 1116 1276 supra
1143 1185 1327 1256 dendritaa
1348 1187 1501 1272 attinet,
1521 1209 1592 1282 qua
1613 1185 1904 1286 demumcunque
1928 1189 1965 1260 in
1983 1183 2195 1258 substantiae

556 1323 727 1419 lapideae
751 1323 1002 1420 profunditate
1021 1325 1363 1421 deprehendantur,
1381 1327 1555 1400 leviffime
1573 1329 1750 1414 eandem,
1768 1347 1804 1402 et
1821 1345 1860 1402 ut
1878 1331 1996 1402 dicere
2015 1329 2193 1416 solemur,

552 1467 827 1566 superficialiter
843 1468 1022 1540 duntaxat
1035 1472 1293 1571 perdringunt3
1319 1473 1432 1544 deteri
1448 1477 1578 1571 itaque
1594 1475 1789 1548 earundem
1808 1473 2113 1569 pulchritudinem
2130 1498 2194 1547 ue·

553 1613 643 1688 cede
662 1614 712 1686 cll
726 1613 892 1710 semper,
909 1617 1055 1712 quoties
1077 1619 1258 1687 nitentem
1278 1616 1392 1711 lapidi
1410 1617 1605 1708 polituram
1626 1617 1794 1690 inducere
1817 1619 1996 1700 volueris,
2014 1619 2118 1714 quod
2130 1617 2197 1692 nist

492 1715 508 1737 .
553 1760 669 1846 foret,
685 1783 761 1830 non
776 1774 855 1830 tarn
873 1782 1037 1830 marmor
1055 1761 1220 1832 unicolor
1234 1759 1382 1832 albido·
1398 1760 1550 1860 griseum
1576 1758 1764 1844 Wallerii,
1784 1785 1894 1858 quam
1909 1756 2089 1842 Alberirti
2103 1759 2134 1830 F
2137 1763 2193 1834 lo·

553 1907 778 1976 rentiuomm
801 1902 982 1998 speeiem,
1003 1899 1063 1973 seu
1085 1927 1249 1976 marmor
1261 1907 1458 2001 pletoriurn
1475 1904 1646 1980 dendritis
1662 1923 1835 1982 omarum
1846 1903 2008 1994 ejusdem
2023 1901 2198 1984 Walterir·

559 2048 695 2145 absque
714 2045 952 2120 ltaelitatione
967 2045 1142 2120 dixillern.

1287 2261 1436 2442 vm.

556 2667 1129 2808 Plumbumspatrssrm
1154 2667 1316 2769 diluta
1341 2644 1580 2768 citriuum
1610 2667 1949 2814 lamelltffum
1975 2666 2198 2773 lamellis

698 2856 984 2988 majoribus
1007 2852 1398 2991 irregularibus,
1406 2849 1754 2989 stmplicibus,
1793 2853 2055 3013 consertio,
2093 2852 2194 2960 eress

697 3041 814 3157 ctu,
839 3040 920 3141 vel
930 3037 1160 3174 obliquis.
1184 3035 1429 3139 TabJII.
1440 3037 1554 3176 Fig.
1564 3069 1614 3168 5.

605 3365 673 3444 Ex
691 3361 993 3471 codemsodirro.

555 3587 749 3722 Varietar
773 3638 865 3713 baec
885 3641 1026 3736 plumbi
1053 3640 1178 3736 spatofi
1196 3637 1443 3724 flavescentia,
1472 3642 1708 3738 quantumvis
1736 3645 1813 3730 eiua
1835 3641 2005 3716 lamellae
2030 3643 2095 3715 siut
2123 3645 2189 3716 dis·
2306 3694 2313 3702 -

554 3785 714 3876 former,
736 3787 850 3858 valde
863 3783 1019 3880 speciosa
1036 3784 1104 3870 eli,
1120 3785 1366 3880 adspectuqrre
1388 3788 1609 3882 elegantior,
1637 3809 1746 3880 quarn
1768 3757 1828 3858 aut
1847 3787 1969 3861 colore
1989 3805 2050 3858 aut
2074 3791 2192 3862 verbir

555 3933 712 4028 exprimi
738 3931 861 4026 poesrt.
884 3927 1023 4000 Matrix
1044 3929 1142 4001 idem
1165 3931 1258 4024 lapis
1280 3932 1458 4000 calcare-us
1490 3929 1536 4003 cll
1556 3927 1659 4002 albus
1683 3931 1864 4026 particulis
1884 3893 2191 4024 impalpabilibus,

554 4077 602 4148 de
622 4097 699 4171 quo
727 4077 763 4146 in
781 4073 959 4170 prioribus
979 4091 1100 4145 actum
1123 4073 1196 4155 ell3
1232 4090 1269 4146 et
1287 4078 1385 4161 cujus
1405 4073 1463 4144 hic
1488 4073 1687 4168 superficies
1708 4075 1840 4171 tegitur
1858 4097 1982 4170 marga
2000 4077 2191 4172 argillaeea
2318 4086 2323 4096 ’

557 4219 714 4292 martiali
737 4216 1044 4293 obscure-rubido.
1058 4217 1265 4290 'lrrlideutea
1277 4217 1445 4292 lamellae
1458 4216 1654 4312 plumbeae
1667 4233 1704 4288 ut
1717 4217 1909 4312 plurimum
1924 4216 2001 4290 sunt
2022 4243 2190 4318 magnac,

557 4363 716 4462 planae,
743 4362 979 4450 delicatulae,
1009 4358 1248 4448 tenuiss‘rmae,
1275 4365 1338 4432 vix
1359 4359 1538 4434 crullioree
1557 4359 1679 4442 charta
1695 4361 1871 4454 epistolari
1889 4364 2054 4436 et.valde
2076 4369 2189 4438 niten-

551 4522 628 4590 ter;
655 4505 768 4604 figura
794 4507 968 4604 regulari,
994 4511 1216 4605 geometrice
1244 4505 1540 4600 determinanda,
1567 4522 1699 4606 carent.
1723 4504 1835 4576 Color
1858 4511 2001 4579 circinus
2029 4511 2100 4598 eli,
2129 4514 2189 4607 qui

556 4675 649 4725 vero
668 4650 792 4723 sensim
815 4651 859 4722 lic
878 4655 1071 4740 emoritur,
1093 4654 1184 4723 utin
1205 4649 1422 4746 quibusdam
1449 4671 1585 4746 aqueus
1610 4651 1764 4736 evadat,
1783 4651 1930 4732 tandem
1955 4653 2116 4742 albidus,
2138 4674 2190 4725 at-

552 4821 624 4895 que
653 4815 736 4870 runc
767 4795 1086 4892 semipelluciditaa
1118 4799 1154 4866 in
1183 4795 1379 4890 perlectam
1414 4793 1698 4886 pelluciditatem
1732 4797 1897 4879 trauleat.
1932 4795 2012 4870 Situ
2040 4800 2189 4893 quidem

553 4945 645 5018 liant
671 4966 800 5017 omner
825 4958 988 5030 erectae,
1012 4941 1073 5015 sed
1102 4965 1176 5014 non
1203 4963 1332 5014 omnes
1358 4939 1403 5013 ad
1418 4941 1741 5036 perpendiculum,
1768 4965 1851 5012 uam
1874 4939 2106 5041 plurimarum
2129 4944 2189 5016 ille

549 5090 722 5191 obliquur
744 5087 812 5176 esi,
841 5086 1025 5162 modoad
1046 5087 1246 5158 calcareum
1275 5085 1500 5181 propenfior,
1530 5084 1644 5156 modo
1673 5087 1814 5168 minua,
1837 5109 1909 5180 quo
1932 5086 1989 5174 fit,
2015 5103 2054 5156 ut
2072 5090 2106 5158 in
2126 5111 2188 5158 an·

545 5240 642 5340 gulia
673 5250 836 5310 occurrat
861 5231 1057 5306 diverfitaa.
1089 5228 1317 5326 Compobtas
1343 5231 1458 5301 nullas
1494 5227 1709 5317 observavi,
1746 5228 1804 5315 sed
1837 5231 2009 5325 limplices
2038 5255 2185 5318 ornnes,

550 5383 660 5480 puelle
679 5381 830 5482 quidem
850 5381 887 5454 in
904 5401 1021 5480 parvo
1038 5374 1154 5474 spatio
1178 5377 1316 5451 locatas
1326 5427 1338 5467 ,
1365 5391 1401 5448 at
1419 5375 1486 5448 fine
1505 5375 1731 5470 confusione,
1755 5379 1806 5449 uti
1827 5379 1937 5450 etiarn
1957 5377 2027 5449 fine
2046 5380 2187 5466 interje-
