5209 6609
557 867 607 930 42
824 911 829 920 ,
1227 833 1618 908 ξ

1289 1041 1456 1147 XVI.

557 1261 840 1439 Plumbum
849 1333 1126 1470 spatosttm
1161 1329 1323 1433 diruta
1334 1331 1548 1466 flavam
1581 1333 1923 1469 ramelusttm,
1971 1334 2188 1436 rameru

675 1514 1008 1660 fasciculatis
1030 1513 1413 1652 quadrilaterus,
1451 1515 1732 1620 imbricatis
1742 1516 2181 1658 scdssfformibus.

711 1702 843 1806 Tab.
875 1702 934 1802 V.
959 1701 1071 1838 Fig.
1105 1732 1182 1831 13.

620 2039 686 2120 Ea
684 2038 879 2148 fodinas.
889 2035 1070 2118 Mathaei
1069 2036 1193 2144 super
1200 2037 1372 2118 culcarco
1376 2041 1593 2144 praedicto,
1609 2057 1751 2146 marga
1761 2045 1996 2121 curenciaco
2010 2041 2187 2120 obducto.

427 2440 432 2452 ,
557 2347 641 2485 Nil
649 2399 711 2472 nili
727 2398 911 2472 fasciculos
922 2396 1020 2470 illhic
1034 2397 1162 2470 videas
1172 2401 1324 2498 exiguos
1335 2395 1481 2472 horsum
1495 2398 1642 2473 sorsum
1652 2404 1834 2496 projectos
1843 2400 2075 2476 lamellarum
2088 2423 2186 2474 corn·
2249 2494 2253 2502 Ι

556 2543 750 2641 pofitarum
762 2594 774 2627 ,
797 2543 1138 2641 quadrilaterarum,
1163 2565 1340 2639 perquam
1357 2546 1562 2640 gracilium3
1587 2548 1795 2632 nonenim,
1821 2561 1861 2616 ut
1882 2545 2188 2642 praecedentium,

557 2691 776 2762 varietatum
801 2687 974 2782 simplices
996 2709 1039 2756 ac
1062 2686 1240 2779 dispersae
1270 2685 1475 2782 planasque
1507 2687 1585 2759 sunt
1612 2689 1800 2778 lamellae,
1822 2689 1883 2761 scd
1915 2667 2125 2778 consertae,
2150 2691 2185 2760 in
2284 2734 2285 2737 =

557 2831 743 2904 fasciculos
762 2832 954 2910 collectae,
974 2844 1037 2897 aut
1055 2832 1175 2921 potius
1192 2832 1357 2900 coalitae.
1387 2829 1511 2900 Plures
1528 2829 1632 2916 hujus
1649 2833 1778 2924 speciei
1796 2832 1989 2904 varietates
2005 2831 2184 2926 pollidco,

481 3071 485 3079 Ι
558 2997 710 3073 quarum
728 2973 917 3058 lamellae,
937 2973 975 3041 in
991 2969 1175 3041 fasciculos
1199 2935 1373 3044 collectae
1391 2973 1482 3042 cerei
1503 2972 1652 3058 coloris,
1685 2988 1724 3045 et
1747 2975 1909 3072 aequalis
1931 2975 2186 3072 magnitudinis

559 3118 658 3203 suut3
682 3134 719 3190 at
739 3141 784 3188 ea
801 3114 942 3212 specie,
967 3137 1079 3210 quam
1098 3113 1210 3211 ligura
1234 3137 1290 3212 13.
1308 3117 1443 3210 pictam
1469 3113 1648 3204 exhibeo,
1673 3114 1826 3188 fasciculi
1852 3117 2003 3191 conserti
2030 3145 2190 3218 quaqua·

559 3253 701 3333 versum
723 3261 896 3356 projecti,
914 3249 989 3348 jam
1013 3257 1291 3341 decumbentes,
1312 3260 1400 3329 alias
1419 3261 1526 3330 erecti
1547 3258 1647 3346 sinn,
1664 3261 1892 3365 ¹et'lumellae
1914 3261 2035 3358 ipsae,
2049 3289 2096 3335 ex
2117 3223 2193 3362 qui

541 3405 626 3476 ‘bus
644 3405 765 3502 finguli
779 3402 931 3476 fasciculi
951 3403 1127 3488 constant,
1153 3403 1331 3498 gradatim
1353 3403 1601 3500 magnitudine
1624 3402 1802 3491 crescunt,
1827 3421 1914 3478 aunt
1935 3409 2046 3478 etiam
2069 3408 2189 3483 decre-

559 3549 677 3633 lcunt;
703 3553 779 3619 imo
799 3546 979 3620 interdum
999 3548 1122 3642 organi
1141 3547 1244 3616 inllat
1264 3550 1429 3642 utrinque
1449 3545 1663 3618 decrescunt.
1684 3547 1778 3621 Hinc
1796 3549 2012 3622 imbricatim
2035 3551 2097 3624 libi
2116 3577 2193 3626 mu·

564 3711 628 3766 tuo
650 3690 877 3778 incumbere,
904 3689 1050 3762 schillosr
1076 3691 1178 3762 inllar
1195 3689 1327 3786 lapidis
1346 3689 1484 3774 filliles,
1505 3707 1568 3762 aut
1586 3654 1691 3762 sacile
1713 3691 1903 3764 findendae
1928 3693 2122 3782 videntur,
2147 3698 2189 3768 li·

539 3853 620 3921 ,cet
638 3834 828 3908 arctiffimo
848 3835 940 3907 inter
958 3833 994 3906 se
1017 3832 1232 3906 cohaereant
1256 3858 1364 3906 nexu.
1391 3831 1589 3905 Fasciculus
1615 3837 1767 3930 quisque
1793 3851 1863 3906 tres
1886 3841 2100 3923 minimum,-
2119 3841 2193 3935 ple·

561 4005 713 4078 rumque
736 3996 891 4076 quatuor
908 3995 969 4048 aut
988 3979 1171 4074 quinque,
1187 3981 1299 4048 etiam
1324 3979 1384 4050 sex
1404 3977 1583 4066 ejusmodi
1609 3945 1863 4072 complectitur,
1874 3982 2081 4068 lamellnas,
2104 4007 2188 4060 uam

565 4104 629 4197 aut
648 4140 839 4220 utramque
858 4123 980 4194 versus
1003 4137 1157 4216 partem,
1168 4123 1219 4192 uti
1236 4121 1372 4192 dictum
1387 4121 1446 4204 cll,
1466 4122 1625 4192 minores
1642 4121 1783 4216 semper
1801 4124 2043 4221 minoresque.
2060 4123 2092 4194 F
2096 4127 2193 4198 lave-

563 4270 614 4342 do
629 4270 699 4361 illis
715 4266 896 4362 pallidior,
912 4269 1007 4338 nitor
1019 4291 1109 4338 vero
1122 4266 1234 4347 idem,
1254 4267 1317 4359 qui
1337 4279 1556 4336 caeterarum
1573 4264 1714 4359 plumbi
1736 4265 1862 4360 spatoli
1883 4267 2116 4356 varietatum,
2134 4268 2193 4340 sed

563 4428 601 4486 ct
627 4408 879 4507 diaphaneitas
907 4409 1062 4494 eadem,
1100 4408 1123 4479 sr
1151 4407 1299 4502 quidem
1330 4406 1375 4480 de
1402 4408 1555 4480 lamellis
1580 4408 1803 4504 fingulatim,
1836 4435 1911 4486 non
1941 4411 1988 4484 dc
2015 4413 2193 4484 collectim

567 4555 739 4650 sumptis,
758 4552 818 4628 seu
833 4556 972 4650 integro
992 4553 1149 4648 plurium
1164 4551 1390 4624 lamellarum
1406 4550 1572 4624 fasciculo
1590 4553 1771 4662 loquaris.¹
1896 4612 1901 4649 :
